<?xml version="1.0" encoding="UTF-8"?>
<collection
  xmlns:xsi="http://www.w3.org/2001/XMLSchema-instance"
  xsi:schemaLocation="http://www.loc.gov/MARC21/slim http://www.loc.gov/standards/marcxml/schema/MARC21slim.xsd"
  xmlns="http://www.loc.gov/MARC21/slim">

<record>
  <leader>00712nam a2200169Ia 4500</leader>
  <controlfield tag="008">160711s9999    xx            000 0 und d</controlfield>
  <datafield tag="020" ind1=" " ind2=" ">
    <subfield code="a">9781583941232</subfield>
  </datafield>
  <datafield tag="041" ind1=" " ind2=" ">
    <subfield code="a">eng</subfield>
  </datafield>
  <datafield tag="082" ind1=" " ind2=" ">
    <subfield code="a">149 B74P</subfield>
  </datafield>
  <datafield tag="100" ind1="1" ind2=" ">
    <subfield code="a">Brezsny, Rob</subfield>
  </datafield>
  <datafield tag="245" ind1="0" ind2="1">
    <subfield code="a">Pronoia is the antidote for paranoia : how the whole world is conspiring to shower you with blessings //</subfield>
    <subfield code="c">Rob Brezsny.</subfield>
  </datafield>
  <datafield tag="260" ind1=" " ind2=" ">
    <subfield code="a">Berkeley, Calif.:</subfield>
    <subfield code="b">Frog,</subfield>
    <subfield code="c">2005.</subfield>
  </datafield>
  <datafield tag="300" ind1=" " ind2=" ">
    <subfield code="a">296 pages : illustrations ; 28 cm</subfield>
  </datafield>
  <datafield tag="520" ind1=" " ind2=" ">
    <subfield code="a">"In this how-to book, Rob Brezsny builds a case for 'cagey optimism, ' a perspective which engages rather than represses difficulty and views the universe as inherently friendly".</subfield>
  </datafield>
  <datafield tag="600" ind1="1" ind2="4">
    <subfield code="a">Brezsny, Rob</subfield>
  </datafield>
  <datafield tag="650" ind1=" " ind2="4">
    <subfield code="a">Optimism ; Conduct of life.</subfield>
  </datafield>
  <datafield tag="999" ind1=" " ind2=" ">
    <subfield code="c">1473</subfield>
    <subfield code="d">1473</subfield>
  </datafield>
  <datafield tag="952" ind1=" " ind2=" ">
    <subfield code="0">0</subfield>
    <subfield code="1">0</subfield>
    <subfield code="2">ddc</subfield>
    <subfield code="4">0</subfield>
    <subfield code="6">LECTURES_LIBRES_149_000000000000000_B74P</subfield>
    <subfield code="7">0</subfield>
    <subfield code="9">2141</subfield>
    <subfield code="a">HELPR</subfield>
    <subfield code="b">HELPR</subfield>
    <subfield code="d">2016-07-12</subfield>
    <subfield code="i">01430</subfield>
    <subfield code="l">3</subfield>
    <subfield code="m">3</subfield>
    <subfield code="o">Lectures libres 149 B74P</subfield>
    <subfield code="p">00000007</subfield>
    <subfield code="r">2016-08-09</subfield>
    <subfield code="s">2016-08-08</subfield>
    <subfield code="t">1</subfield>
    <subfield code="w">2016-07-12</subfield>
    <subfield code="y">MONO</subfield>
  </datafield>
</record>