

<record>
  <leader>00644nam a2200169Ia 4500</leader>
  <controlfield tag="008">160711s9999    xx            000 0 und d</controlfield>
  <datafield tag="020" ind1=" " ind2=" ">
    <subfield code="a">9781551110592</subfield>
  </datafield>
  <datafield tag="041" ind1=" " ind2=" ">
    <subfield code="a">eng</subfield>
  </datafield>
  <datafield tag="082" ind1=" " ind2=" ">
    <subfield code="a">153 B53G</subfield>
  </datafield>
  <datafield tag="100" ind1="1" ind2=" ">
    <subfield code="a">Bickenbach, Jerome Edmund</subfield>
  </datafield>
  <datafield tag="245" ind1="0" ind2="1">
    <subfield code="a">Good reasons for better arguments : an introduction to the skills and values of critical thinking/</subfield>
    <subfield code="c">Jerome E. Bickenbach &amp; Jackie M. Davies.</subfield>
  </datafield>
  <datafield tag="260" ind1=" " ind2=" ">
    <subfield code="a">Peterborough, Ont.:</subfield>
    <subfield code="b">Broadview Press,</subfield>
    <subfield code="c">1997.</subfield>
  </datafield>
  <datafield tag="300" ind1=" " ind2=" ">
    <subfield code="a">vii, 400 pages : illustrations ; 23 cm</subfield>
  </datafield>
  <datafield tag="600" ind1="1" ind2="4">
    <subfield code="a">Bickenbach, Jerome Edmund ;</subfield>
  </datafield>
  <datafield tag="650" ind1=" " ind2="4">
    <subfield code="a">Critical thinking ; Critical theory.</subfield>
  </datafield>
  <datafield tag="700" ind1="1" ind2=" ">
    <subfield code="a">Davies, Jacqueline MacGregor 1960-</subfield>
  </datafield>
  <datafield tag="999" ind1=" " ind2=" ">
    <subfield code="c">1474</subfield>
    <subfield code="d">1474</subfield>
  </datafield>
  <datafield tag="952" ind1=" " ind2=" ">
    <subfield code="0">0</subfield>
    <subfield code="1">0</subfield>
    <subfield code="4">0</subfield>
    <subfield code="6">LECTURES_LIBRES_153_000000000000000_B53G</subfield>
    <subfield code="7">0</subfield>
    <subfield code="9">2142</subfield>
    <subfield code="a">HELPR</subfield>
    <subfield code="b">HELPR</subfield>
    <subfield code="d">2016-07-12</subfield>
    <subfield code="i">01473</subfield>
    <subfield code="l">4</subfield>
    <subfield code="m">2</subfield>
    <subfield code="o">Lectures libres 153 B53G</subfield>
    <subfield code="p">00000012</subfield>
    <subfield code="r">2017-02-24</subfield>
    <subfield code="s">2017-02-24</subfield>
    <subfield code="t">1</subfield>
    <subfield code="w">2016-07-12</subfield>
    <subfield code="y">MONO</subfield>
  </datafield>
</record>