

<record>
  <leader>00847nam a2200169Ia 4500</leader>
  <controlfield tag="008">160711s9999    xx            000 0 und d</controlfield>
  <datafield tag="020" ind1=" " ind2=" ">
    <subfield code="a">9781439103265</subfield>
  </datafield>
  <datafield tag="041" ind1=" " ind2=" ">
    <subfield code="a">eng</subfield>
  </datafield>
  <datafield tag="082" ind1=" " ind2=" ">
    <subfield code="a">158 C68L</subfield>
  </datafield>
  <datafield tag="100" ind1="1" ind2=" ">
    <subfield code="a">Covey, Stephen R.</subfield>
  </datafield>
  <datafield tag="245" ind1="0" ind2="4">
    <subfield code="a">The leader in me : how schools and parents around the world are inspiring greatness, one child at a time //</subfield>
    <subfield code="c">Stephen R. Covey.</subfield>
  </datafield>
  <datafield tag="260" ind1=" " ind2=" ">
    <subfield code="a">New York :</subfield>
    <subfield code="b">Free Press,</subfield>
    <subfield code="c">2008.</subfield>
  </datafield>
  <datafield tag="300" ind1=" " ind2=" ">
    <subfield code="a">xxiv, 242 pages : illustrations ; 24 cm</subfield>
  </datafield>
  <datafield tag="520" ind1=" " ind2=" ">
    <subfield code="a">An introduction to leadership draws on a program developed for an elementary school to show how to apply the principles of The 7 Habits of Highly Effective People to help everyone, including young children, identify their individual talents and find ways to use them in everyday life..</subfield>
  </datafield>
  <datafield tag="600" ind1="1" ind2="4">
    <subfield code="a">Covey, Stephen R.</subfield>
  </datafield>
  <datafield tag="650" ind1=" " ind2="4">
    <subfield code="a">Leadership -- Study and teaching.</subfield>
  </datafield>
  <datafield tag="999" ind1=" " ind2=" ">
    <subfield code="c">1475</subfield>
    <subfield code="d">1475</subfield>
  </datafield>
  <datafield tag="952" ind1=" " ind2=" ">
    <subfield code="0">0</subfield>
    <subfield code="1">0</subfield>
    <subfield code="4">0</subfield>
    <subfield code="6">LECTURE_LIBRES_158_000000000000000_C68L</subfield>
    <subfield code="7">0</subfield>
    <subfield code="9">2143</subfield>
    <subfield code="a">HELPR</subfield>
    <subfield code="b">HELPR</subfield>
    <subfield code="d">2016-07-12</subfield>
    <subfield code="i">01526</subfield>
    <subfield code="l">2</subfield>
    <subfield code="m">1</subfield>
    <subfield code="o">Lecture libres 158 C68L</subfield>
    <subfield code="p">00000009</subfield>
    <subfield code="r">2016-08-09</subfield>
    <subfield code="s">2016-08-01</subfield>
    <subfield code="t">1</subfield>
    <subfield code="w">2016-07-12</subfield>
    <subfield code="y">MONO</subfield>
  </datafield>
</record>