

<record>
  <leader>00869nam a2200181Ia 4500</leader>
  <controlfield tag="008">160711s9999    xx            000 0 und d</controlfield>
  <datafield tag="020" ind1=" " ind2=" ">
    <subfield code="a">9780060196059</subfield>
  </datafield>
  <datafield tag="041" ind1=" " ind2=" ">
    <subfield code="a">eng</subfield>
  </datafield>
  <datafield tag="082" ind1=" " ind2=" ">
    <subfield code="a">158 H37A</subfield>
  </datafield>
  <datafield tag="100" ind1="1" ind2=" ">
    <subfield code="a">Harrell, Keith D.</subfield>
  </datafield>
  <datafield tag="245" ind1="0" ind2="1">
    <subfield code="a">Attitude is everything : 10 life-changing steps to turning attitude into action //</subfield>
    <subfield code="c">Keith Harrell.</subfield>
  </datafield>
  <datafield tag="260" ind1=" " ind2=" ">
    <subfield code="a">New York:</subfield>
    <subfield code="b">Cliff Street Books,</subfield>
    <subfield code="c">2000.</subfield>
  </datafield>
  <datafield tag="300" ind1=" " ind2=" ">
    <subfield code="a">xvii, 215 pages ; 25 cm</subfield>
  </datafield>
  <datafield tag="520" ind1=" " ind2=" ">
    <subfield code="a">A former IBM marketing executive and current motivational speaker shares his secret for success through applying the right attitude to life's daily problems, sharing his six steps for achieving personal and professional satisfaction..</subfield>
  </datafield>
  <datafield tag="600" ind1="1" ind2="4">
    <subfield code="a">Harrell, Keith D.</subfield>
  </datafield>
  <datafield tag="650" ind1=" " ind2="4">
    <subfield code="a">Morale pratique ;   Actualisation de soi ; Habiletés de base;  Attitude (Psychology) ; Attitude change ; Change (Psychology)</subfield>
  </datafield>
  <datafield tag="999" ind1=" " ind2=" ">
    <subfield code="c">1476</subfield>
    <subfield code="d">1476</subfield>
  </datafield>
  <datafield tag="942" ind1="0" ind2="0">
    <subfield code="0">1</subfield>
  </datafield>
  <datafield tag="952" ind1=" " ind2=" ">
    <subfield code="0">0</subfield>
    <subfield code="1">0</subfield>
    <subfield code="4">0</subfield>
    <subfield code="6">LECTURES_LIBRES_158_000000000000000_H37A</subfield>
    <subfield code="7">0</subfield>
    <subfield code="9">2144</subfield>
    <subfield code="a">HELPR</subfield>
    <subfield code="b">HELPR</subfield>
    <subfield code="d">2016-07-12</subfield>
    <subfield code="i">01392</subfield>
    <subfield code="l">5</subfield>
    <subfield code="m">5</subfield>
    <subfield code="o">Lectures libres 158 H37A</subfield>
    <subfield code="p">00000010</subfield>
    <subfield code="r">2023-01-20</subfield>
    <subfield code="s">2022-08-04</subfield>
    <subfield code="t">1</subfield>
    <subfield code="w">2016-07-12</subfield>
    <subfield code="y">MONO</subfield>
  </datafield>
</record>