

<record>
  <leader>00932nam a2200181Ia 4500</leader>
  <controlfield tag="008">160711s9999    xx            000 0 und d</controlfield>
  <datafield tag="020" ind1=" " ind2=" ">
    <subfield code="a">9780061697197</subfield>
  </datafield>
  <datafield tag="041" ind1=" " ind2=" ">
    <subfield code="a">eng</subfield>
  </datafield>
  <datafield tag="082" ind1=" " ind2=" ">
    <subfield code="a">158 S55W</subfield>
  </datafield>
  <datafield tag="100" ind1="1" ind2=" ">
    <subfield code="a">Shipman, Claire 1962-</subfield>
  </datafield>
  <datafield tag="245" ind1="0" ind2="1">
    <subfield code="a">Womenomics : work less, achieve more, live better //</subfield>
    <subfield code="c">Claire Shipman and Katty Kay.</subfield>
  </datafield>
  <datafield tag="260" ind1=" " ind2=" ">
    <subfield code="a">New York :</subfield>
    <subfield code="b">HarperBusiness,</subfield>
    <subfield code="c">2009.</subfield>
  </datafield>
  <datafield tag="300" ind1=" " ind2=" ">
    <subfield code="a">xxvii, 226 pages ; 21 cm</subfield>
  </datafield>
  <datafield tag="520" ind1=" " ind2=" ">
    <subfield code="a">Relegating the all or nothing, mommy-wars mentality to the 20th century, this title offers a fresh take on the largely hidden power that women have in the marketplace. It also shows women how to take advantage of this historical moment by crafting high-octane careers that don't require all-or-nothing lifestyles..</subfield>
  </datafield>
  <datafield tag="600" ind1="1" ind2="4">
    <subfield code="a">Shipman, Claire 1962-</subfield>
  </datafield>
  <datafield tag="650" ind1=" " ind2="4">
    <subfield code="a">Confiance en soi ; Estime de soi chez la femme ; Success in business ; Businesswomen -- Life skills guides.</subfield>
  </datafield>
  <datafield tag="700" ind1="1" ind2=" ">
    <subfield code="a">Kay, Katty.</subfield>
  </datafield>
  <datafield tag="999" ind1=" " ind2=" ">
    <subfield code="c">1478</subfield>
    <subfield code="d">1478</subfield>
  </datafield>
  <datafield tag="952" ind1=" " ind2=" ">
    <subfield code="0">0</subfield>
    <subfield code="1">0</subfield>
    <subfield code="4">0</subfield>
    <subfield code="6">LECTURES_LIBRES_158_000000000000000_S55W</subfield>
    <subfield code="7">0</subfield>
    <subfield code="9">2146</subfield>
    <subfield code="a">HELPR</subfield>
    <subfield code="b">HELPR</subfield>
    <subfield code="d">2016-07-12</subfield>
    <subfield code="i">01638</subfield>
    <subfield code="l">1</subfield>
    <subfield code="o">Lectures libres 158 S55W</subfield>
    <subfield code="p">00000013</subfield>
    <subfield code="r">2016-08-01</subfield>
    <subfield code="s">2016-08-01</subfield>
    <subfield code="t">1</subfield>
    <subfield code="w">2016-07-12</subfield>
    <subfield code="y">MONO</subfield>
  </datafield>
</record>