

<record>
  <leader>00816nam a2200181Ia 4500</leader>
  <controlfield tag="008">160711s9999    xx            000 0 und d</controlfield>
  <datafield tag="020" ind1=" " ind2=" ">
    <subfield code="a">9780060916091</subfield>
  </datafield>
  <datafield tag="041" ind1=" " ind2=" ">
    <subfield code="a">eng</subfield>
  </datafield>
  <datafield tag="082" ind1=" " ind2=" ">
    <subfield code="a">170 K75T</subfield>
  </datafield>
  <datafield tag="100" ind1="1" ind2=" ">
    <subfield code="a">Krishnamurti, J. (Jiddu), 1895-1986</subfield>
  </datafield>
  <datafield tag="245" ind1="0" ind2="1">
    <subfield code="a">Think on these things //</subfield>
    <subfield code="c">Krishnamurti ; edited by D. Rajagopal.</subfield>
  </datafield>
  <datafield tag="260" ind1=" " ind2=" ">
    <subfield code="a">New York:</subfield>
    <subfield code="b">HarperPerennial,</subfield>
    <subfield code="c">1964.</subfield>
  </datafield>
  <datafield tag="300" ind1=" " ind2=" ">
    <subfield code="a">viii, 258 pages ; 21 cm</subfield>
  </datafield>
  <datafield tag="520" ind1=" " ind2=" ">
    <subfield code="a">The renowned Indian teacher examines modern culture, including education, religion, politics and tradition; throwing light on such basic emotions as ambition, greed and envy, the desire for security and the lust for power; all of which he shows to be deteriorating factors in human society..</subfield>
  </datafield>
  <datafield tag="600" ind1="1" ind2="4">
    <subfield code="a">Krishnamurti, J. (Jiddu), 1895-1986</subfield>
  </datafield>
  <datafield tag="650" ind1=" " ind2="4">
    <subfield code="a">Conduct of life.</subfield>
  </datafield>
  <datafield tag="999" ind1=" " ind2=" ">
    <subfield code="c">1479</subfield>
    <subfield code="d">1479</subfield>
  </datafield>
  <datafield tag="942" ind1="0" ind2="0">
    <subfield code="0">2</subfield>
  </datafield>
  <datafield tag="952" ind1=" " ind2=" ">
    <subfield code="0">0</subfield>
    <subfield code="1">0</subfield>
    <subfield code="4">0</subfield>
    <subfield code="6">LECTURES_LIBRES_170_000000000000000_K75T</subfield>
    <subfield code="7">0</subfield>
    <subfield code="9">2147</subfield>
    <subfield code="a">HELPR</subfield>
    <subfield code="b">HELPR</subfield>
    <subfield code="d">2016-07-12</subfield>
    <subfield code="i">01484</subfield>
    <subfield code="l">3</subfield>
    <subfield code="o">Lectures libres 170 K75T</subfield>
    <subfield code="p">00000014</subfield>
    <subfield code="r">2023-01-20</subfield>
    <subfield code="s">2022-10-26</subfield>
    <subfield code="t">1</subfield>
    <subfield code="w">2016-07-12</subfield>
    <subfield code="y">MONO</subfield>
  </datafield>
</record>