

<record>
  <leader>00466nam a2200157Ia 4500</leader>
  <controlfield tag="008">160711s9999    xx            000 0 und d</controlfield>
  <datafield tag="020" ind1=" " ind2=" ">
    <subfield code="a">9780742560895</subfield>
  </datafield>
  <datafield tag="041" ind1=" " ind2=" ">
    <subfield code="a">eng</subfield>
  </datafield>
  <datafield tag="082" ind1=" " ind2=" ">
    <subfield code="a">284 K44C</subfield>
  </datafield>
  <datafield tag="100" ind1="1" ind2=" ">
    <subfield code="a">Keen, Ralph</subfield>
  </datafield>
  <datafield tag="245" ind1="0" ind2="4">
    <subfield code="a">The Christian tradition //</subfield>
    <subfield code="c">Ralph Keen.</subfield>
  </datafield>
  <datafield tag="260" ind1=" " ind2=" ">
    <subfield code="a">Lanham, Md.:</subfield>
    <subfield code="b">Rowman &amp; Littlefield Publishers,</subfield>
    <subfield code="c">2004.</subfield>
  </datafield>
  <datafield tag="300" ind1=" " ind2=" ">
    <subfield code="a">400 pages : illustrations, maps ; 24 cm</subfield>
  </datafield>
  <datafield tag="600" ind1="1" ind2="4">
    <subfield code="a">Keen, Ralph</subfield>
  </datafield>
  <datafield tag="650" ind1=" " ind2="4">
    <subfield code="a">Church history ; Christianity.</subfield>
  </datafield>
  <datafield tag="999" ind1=" " ind2=" ">
    <subfield code="c">1483</subfield>
    <subfield code="d">1483</subfield>
  </datafield>
  <datafield tag="952" ind1=" " ind2=" ">
    <subfield code="0">0</subfield>
    <subfield code="1">0</subfield>
    <subfield code="4">0</subfield>
    <subfield code="6">LECTURES_LIBRES_284_000000000000000_K44C</subfield>
    <subfield code="7">0</subfield>
    <subfield code="9">2151</subfield>
    <subfield code="a">HELPR</subfield>
    <subfield code="b">HELPR</subfield>
    <subfield code="d">2016-07-12</subfield>
    <subfield code="i">01546</subfield>
    <subfield code="l">2</subfield>
    <subfield code="o">Lectures libres 284 K44C</subfield>
    <subfield code="p">00000017</subfield>
    <subfield code="q">2017-07-24</subfield>
    <subfield code="r">2017-06-26</subfield>
    <subfield code="s">2017-06-26</subfield>
    <subfield code="t">1</subfield>
    <subfield code="w">2016-07-12</subfield>
    <subfield code="y">MONO</subfield>
  </datafield>
</record>