

<record>
  <leader>00780nam a2200169Ia 4500</leader>
  <controlfield tag="008">160711s9999    xx            000 0 und d</controlfield>
  <datafield tag="020" ind1=" " ind2=" ">
    <subfield code="a">9782020960151</subfield>
  </datafield>
  <datafield tag="041" ind1=" " ind2=" ">
    <subfield code="a">fre</subfield>
  </datafield>
  <datafield tag="082" ind1=" " ind2=" ">
    <subfield code="a">297 G69S</subfield>
  </datafield>
  <datafield tag="100" ind1="1" ind2=" ">
    <subfield code="a">Gozlan, Martine.</subfield>
  </datafield>
  <datafield tag="245" ind1="0" ind2="1">
    <subfield code="a">Sunnites, chiites, pourquoi ils s'entretuent //</subfield>
    <subfield code="c">Martine Gozlan.</subfield>
  </datafield>
  <datafield tag="260" ind1=" " ind2=" ">
    <subfield code="a">Paris:</subfield>
    <subfield code="b">Éditions du Seuil,</subfield>
    <subfield code="c">2008.</subfield>
  </datafield>
  <datafield tag="300" ind1=" " ind2=" ">
    <subfield code="a">173 p. ; 21 cm.</subfield>
  </datafield>
  <datafield tag="520" ind1=" " ind2=" ">
    <subfield code="a">Essai sur les origines du conflit entre chiites et sunnites, qui est en train d'enflammer le monde musulman. Remontant à la mort du Prophète en 632 et au massacre de Kerbala en 680, creuset de l'identité chiite, M. Gozlan, grand reporter à Marianne, tente d'éclairer les enjeux politiques et religieux actuels..</subfield>
  </datafield>
  <datafield tag="600" ind1="1" ind2="4">
    <subfield code="a">Gozlan, Martine.</subfield>
  </datafield>
  <datafield tag="650" ind1=" " ind2="4">
    <subfield code="a">Chiites ; Sunnites.</subfield>
  </datafield>
  <datafield tag="999" ind1=" " ind2=" ">
    <subfield code="c">1484</subfield>
    <subfield code="d">1484</subfield>
  </datafield>
  <datafield tag="952" ind1=" " ind2=" ">
    <subfield code="0">0</subfield>
    <subfield code="1">0</subfield>
    <subfield code="4">0</subfield>
    <subfield code="6">LECTURES_LIBRES_297_000000000000000_G69S</subfield>
    <subfield code="7">0</subfield>
    <subfield code="9">2152</subfield>
    <subfield code="a">HELPR</subfield>
    <subfield code="b">HELPR</subfield>
    <subfield code="d">2016-07-12</subfield>
    <subfield code="i">01398</subfield>
    <subfield code="l">0</subfield>
    <subfield code="o">Lectures libres 297 G69S</subfield>
    <subfield code="p">00000018</subfield>
    <subfield code="r">2016-07-12</subfield>
    <subfield code="t">1</subfield>
    <subfield code="w">2016-07-12</subfield>
    <subfield code="y">MONO</subfield>
  </datafield>
</record>