

<record>
  <leader>01606nam a2200169Ia 4500</leader>
  <controlfield tag="008">160711s9999    xx            000 0 und d</controlfield>
  <datafield tag="020" ind1=" " ind2=" ">
    <subfield code="a">9780767920575</subfield>
  </datafield>
  <datafield tag="041" ind1=" " ind2=" ">
    <subfield code="a">eng</subfield>
  </datafield>
  <datafield tag="082" ind1=" " ind2=" ">
    <subfield code="a">305 R37C</subfield>
  </datafield>
  <datafield tag="100" ind1="1" ind2=" ">
    <subfield code="a">Rapaille, Clotaire</subfield>
  </datafield>
  <datafield tag="245" ind1="0" ind2="4">
    <subfield code="a">The culture code : an ingenious way to understand why people around the world buy and live as they do //</subfield>
    <subfield code="c">Clotaire Rapaille.</subfield>
  </datafield>
  <datafield tag="260" ind1=" " ind2=" ">
    <subfield code="a">New York:</subfield>
    <subfield code="b">Broadway Books,</subfield>
    <subfield code="c">2007.</subfield>
  </datafield>
  <datafield tag="300" ind1=" " ind2=" ">
    <subfield code="a">x, 213 pages : portrait ; 21 cm</subfield>
  </datafield>
  <datafield tag="520" ind1=" " ind2=" ">
    <subfield code="a">DNA makes a creature human, but what makes him an American? Is there a "culture code" that programs us to become German, or Japanese, or French? Dr. Clotaire Rapaille believes there is such a code, a silent system of archetypes that we unconsciously acquire as we grow up within our culture. The codes vary around the world and invisibly shape how we behave in our personal lives, as consumers, and as nations. Dr. Rapaille used his ability to break the "culture code" to help Chrysler build the PT Cruiser--the most successful American car launch in recent memory. He used it to help Nestlé introduce coffee to the tea culture of Japan, and to explain why George W. Bush is on code for the U.S. presidency and John Kerry was on code for the French presidency. And now, in The Culture Code, he uses it to reveal what makes Americans American, and what makes us different from the world around us. Dr. Rapaille decodes fundamental archetypes ranging from sex to money to health to America itself..</subfield>
  </datafield>
  <datafield tag="600" ind1="1" ind2="4">
    <subfield code="a">Rapaille, Clotaire</subfield>
  </datafield>
  <datafield tag="650" ind1=" " ind2="4">
    <subfield code="a">Social perception ; Cognition and culture ; Perception sociale ; Cognition et culture</subfield>
  </datafield>
  <datafield tag="999" ind1=" " ind2=" ">
    <subfield code="c">1489</subfield>
    <subfield code="d">1489</subfield>
  </datafield>
  <datafield tag="952" ind1=" " ind2=" ">
    <subfield code="0">0</subfield>
    <subfield code="1">0</subfield>
    <subfield code="4">0</subfield>
    <subfield code="6">LECTURES_LIBRES_305_000000000000000_R37C</subfield>
    <subfield code="7">0</subfield>
    <subfield code="9">2157</subfield>
    <subfield code="a">HELPR</subfield>
    <subfield code="b">HELPR</subfield>
    <subfield code="d">2016-07-12</subfield>
    <subfield code="i">01536</subfield>
    <subfield code="l">0</subfield>
    <subfield code="o">Lectures libres 305 R37C</subfield>
    <subfield code="p">00000023</subfield>
    <subfield code="r">2016-07-12</subfield>
    <subfield code="t">1</subfield>
    <subfield code="w">2016-07-12</subfield>
    <subfield code="y">MONO</subfield>
  </datafield>
</record>