

<record>
  <leader>00850nam a2200181Ia 4500</leader>
  <controlfield tag="008">160711s9999    xx            000 0 und d</controlfield>
  <datafield tag="020" ind1=" " ind2=" ">
    <subfield code="a">9789004170407</subfield>
  </datafield>
  <datafield tag="041" ind1=" " ind2=" ">
    <subfield code="a">eng</subfield>
  </datafield>
  <datafield tag="082" ind1=" " ind2=" ">
    <subfield code="a">305 S36S</subfield>
  </datafield>
  <datafield tag="100" ind1="1" ind2=" ">
    <subfield code="a">Schorsch, Jonathan 1963-</subfield>
  </datafield>
  <datafield tag="245" ind1="0" ind2="1">
    <subfield code="a">Swimming the Christian Atlantic : Judeoconversos, Afroiberians and Amerindians in the seventeenth century //</subfield>
    <subfield code="c">by Jonathan Schorsch.</subfield>
  </datafield>
  <datafield tag="260" ind1=" " ind2=" ">
    <subfield code="a">Leiden ; Boston:</subfield>
    <subfield code="b">Brill,</subfield>
    <subfield code="c">2009.</subfield>
  </datafield>
  <datafield tag="300" ind1=" " ind2=" ">
    <subfield code="a">x, 564 pages</subfield>
  </datafield>
  <datafield tag="490" ind1="0" ind2="1">
    <subfield code="a">Atlantic world (Leiden, Netherlands), v. 17/1-2.</subfield>
  </datafield>
  <datafield tag="520" ind1=" " ind2=" ">
    <subfield code="a">Explores the nexus of politics, race and religion among three incompletely Christianized groups in the seventeenth century - Judeoconversos, Afroiberians and Amerindians..</subfield>
  </datafield>
  <datafield tag="600" ind1="1" ind2="4">
    <subfield code="a">Schorsch, Jonathan 1963-</subfield>
  </datafield>
  <datafield tag="650" ind1=" " ind2="4">
    <subfield code="a">Church history -- 17th century ; Conversion -- Christianity -- History ; Christian converts.</subfield>
  </datafield>
  <datafield tag="999" ind1=" " ind2=" ">
    <subfield code="c">1490</subfield>
    <subfield code="d">1490</subfield>
  </datafield>
  <datafield tag="952" ind1=" " ind2=" ">
    <subfield code="0">0</subfield>
    <subfield code="1">0</subfield>
    <subfield code="4">0</subfield>
    <subfield code="6">LECTURES_LIBRES_305_000000000000000_S36S</subfield>
    <subfield code="7">0</subfield>
    <subfield code="9">2158</subfield>
    <subfield code="a">HELPR</subfield>
    <subfield code="b">HELPR</subfield>
    <subfield code="d">2016-07-12</subfield>
    <subfield code="i">01485</subfield>
    <subfield code="l">0</subfield>
    <subfield code="o">Lectures libres 305 S36S</subfield>
    <subfield code="p">00000026</subfield>
    <subfield code="r">2016-07-12</subfield>
    <subfield code="t">1</subfield>
    <subfield code="w">2016-07-12</subfield>
    <subfield code="y">MONO</subfield>
  </datafield>
</record>