

<record>
  <leader>00793nam a2200169Ia 4500</leader>
  <controlfield tag="008">160711s9999    xx            000 0 und d</controlfield>
  <datafield tag="020" ind1=" " ind2=" ">
    <subfield code="a">9780472030033</subfield>
  </datafield>
  <datafield tag="041" ind1=" " ind2=" ">
    <subfield code="a">eng</subfield>
  </datafield>
  <datafield tag="082" ind1=" " ind2=" ">
    <subfield code="a">306 C65X</subfield>
  </datafield>
  <datafield tag="100" ind1="1" ind2=" ">
    <subfield code="a">Coimbra Junior, Carlos Everaldo Alvares, 1959-</subfield>
  </datafield>
  <datafield tag="245" ind1="0" ind2="4">
    <subfield code="a">The Xavánte in transition : health, ecology, and bioanthropology in central Brazil //</subfield>
    <subfield code="c">Carlos E.A. Coimbra Jr. [and others].</subfield>
  </datafield>
  <datafield tag="260" ind1=" " ind2=" ">
    <subfield code="a">Ann Arbor:</subfield>
    <subfield code="b">University of Michigan Press,</subfield>
    <subfield code="c">2004.</subfield>
  </datafield>
  <datafield tag="300" ind1=" " ind2=" ">
    <subfield code="a">xxix, 344 pages : illustrations, maps ; 24 cm.</subfield>
  </datafield>
  <datafield tag="520" ind1=" " ind2=" ">
    <subfield code="a">Illuminates the experience of a small-scale culture with large-scale change..</subfield>
  </datafield>
  <datafield tag="600" ind1="1" ind2="4">
    <subfield code="a">Coimbra Junior, Carlos Everaldo Alvares, 1959-</subfield>
  </datafield>
  <datafield tag="650" ind1=" " ind2="4">
    <subfield code="a">Xavante Indians -- Population ; Xavante Indians -- Health and hygiene ; Xavante Indians -- Anthropometry.</subfield>
  </datafield>
  <datafield tag="999" ind1=" " ind2=" ">
    <subfield code="c">1492</subfield>
    <subfield code="d">1492</subfield>
  </datafield>
  <datafield tag="952" ind1=" " ind2=" ">
    <subfield code="0">0</subfield>
    <subfield code="1">0</subfield>
    <subfield code="4">0</subfield>
    <subfield code="6">LECTURES_LIBRES_306_000000000000000_C65X</subfield>
    <subfield code="7">0</subfield>
    <subfield code="9">2160</subfield>
    <subfield code="a">HELPR</subfield>
    <subfield code="b">HELPR</subfield>
    <subfield code="d">2016-07-12</subfield>
    <subfield code="i">01400</subfield>
    <subfield code="l">0</subfield>
    <subfield code="o">Lectures libres 306 C65X</subfield>
    <subfield code="p">00000024</subfield>
    <subfield code="r">2016-07-12</subfield>
    <subfield code="w">2016-07-12</subfield>
    <subfield code="y">MONO</subfield>
  </datafield>
</record>