

<record>
  <leader>00925nam a2200181Ia 4500</leader>
  <controlfield tag="008">160711s9999    xx            000 0 und d</controlfield>
  <datafield tag="020" ind1=" " ind2=" ">
    <subfield code="a">9780976404118</subfield>
  </datafield>
  <datafield tag="041" ind1=" " ind2=" ">
    <subfield code="a">eng</subfield>
  </datafield>
  <datafield tag="082" ind1=" " ind2=" ">
    <subfield code="a">306 M35P</subfield>
  </datafield>
  <datafield tag="100" ind1="1" ind2=" ">
    <subfield code="a">Malloch, Theodore R.</subfield>
  </datafield>
  <datafield tag="245" ind1="0" ind2="1">
    <subfield code="a">Renewing American culture : the pursuit of happiness //</subfield>
    <subfield code="c">Theodore Roosevelt Malloch and Scott T. Massey.</subfield>
  </datafield>
  <datafield tag="260" ind1=" " ind2=" ">
    <subfield code="a">Salem, MA:</subfield>
    <subfield code="b">M &amp; M Scrivener,</subfield>
    <subfield code="c">2006.</subfield>
  </datafield>
  <datafield tag="300" ind1=" " ind2=" ">
    <subfield code="a">xvii, 203 pages ; 24 cm</subfield>
  </datafield>
  <datafield tag="520" ind1=" " ind2=" ">
    <subfield code="a">The changes affecting America and the world have been led by economic and technological forces. This book connects global change with the pursuit of happiness and shows that change is not only consistent with this principle, but in fact caused by it. It also provides an understanding of the roots of fears about the future. .</subfield>
  </datafield>
  <datafield tag="600" ind1="1" ind2="4">
    <subfield code="a">Malloch, Theodore R.</subfield>
  </datafield>
  <datafield tag="650" ind1=" " ind2="4">
    <subfield code="a">Social values -- United States ; Social change -- United States.</subfield>
  </datafield>
  <datafield tag="700" ind1="1" ind2=" ">
    <subfield code="a">Massey, Scott T.</subfield>
  </datafield>
  <datafield tag="999" ind1=" " ind2=" ">
    <subfield code="c">1493</subfield>
    <subfield code="d">1493</subfield>
  </datafield>
  <datafield tag="952" ind1=" " ind2=" ">
    <subfield code="0">0</subfield>
    <subfield code="1">0</subfield>
    <subfield code="4">0</subfield>
    <subfield code="6">LECTURES_LIBRES_306_000000000000000_M35P</subfield>
    <subfield code="7">0</subfield>
    <subfield code="9">2161</subfield>
    <subfield code="a">HELPR</subfield>
    <subfield code="b">HELPR</subfield>
    <subfield code="d">2016-07-12</subfield>
    <subfield code="i">01501</subfield>
    <subfield code="l">1</subfield>
    <subfield code="o">Lectures libres 306 M35P</subfield>
    <subfield code="p">00000027</subfield>
    <subfield code="q">2017-07-24</subfield>
    <subfield code="r">2017-06-26</subfield>
    <subfield code="s">2017-06-26</subfield>
    <subfield code="t">1</subfield>
    <subfield code="w">2016-07-12</subfield>
    <subfield code="y">MONO</subfield>
  </datafield>
</record>