

<record>
  <leader>00840nam a2200181Ia 4500</leader>
  <controlfield tag="008">160711s9999    xx            000 0 und d</controlfield>
  <datafield tag="020" ind1=" " ind2=" ">
    <subfield code="a">9780394725802</subfield>
  </datafield>
  <datafield tag="041" ind1=" " ind2=" ">
    <subfield code="a">eng</subfield>
  </datafield>
  <datafield tag="082" ind1=" " ind2=" ">
    <subfield code="a">306 R67P</subfield>
  </datafield>
  <datafield tag="100" ind1="1" ind2=" ">
    <subfield code="a">Rose, Phyllis 1942-</subfield>
  </datafield>
  <datafield tag="245" ind1="0" ind2="1">
    <subfield code="a">Parallel lives/</subfield>
    <subfield code="c">Phyllis Rose ; drawings by David Schorr.</subfield>
  </datafield>
  <datafield tag="260" ind1=" " ind2=" ">
    <subfield code="a">New York:</subfield>
    <subfield code="b">Vintage Books,</subfield>
    <subfield code="c">1983.</subfield>
  </datafield>
  <datafield tag="300" ind1=" " ind2=" ">
    <subfield code="a">318 pages : portraits ; 21 cm</subfield>
  </datafield>
  <datafield tag="520" ind1=" " ind2=" ">
    <subfield code="a">In her study of the married couple as the smallest political unit, Phyllis Rose uses as examples the marriages of five Victorian writers who wrote about their own lives with unusual candor..</subfield>
  </datafield>
  <datafield tag="600" ind1="1" ind2="4">
    <subfield code="a">Rose, Phyllis 1942-</subfield>
  </datafield>
  <datafield tag="650" ind1=" " ind2="4">
    <subfield code="a">Marriage -- Great Britain -- History -- 19th century -- Case studies ; Married people -- Great Britain -- Biography.</subfield>
  </datafield>
  <datafield tag="651" ind1=" " ind2="4">
    <subfield code="a">Great Britain -- History -- Victoria, 1837-1901 -- Biography.</subfield>
  </datafield>
  <datafield tag="999" ind1=" " ind2=" ">
    <subfield code="c">1494</subfield>
    <subfield code="d">1494</subfield>
  </datafield>
  <datafield tag="952" ind1=" " ind2=" ">
    <subfield code="0">0</subfield>
    <subfield code="1">0</subfield>
    <subfield code="4">0</subfield>
    <subfield code="6">LECTURES_LIBRES_306_000000000000000_R67P</subfield>
    <subfield code="7">0</subfield>
    <subfield code="9">2162</subfield>
    <subfield code="a">HELPR</subfield>
    <subfield code="b">HELPR</subfield>
    <subfield code="d">2016-07-12</subfield>
    <subfield code="i">01469</subfield>
    <subfield code="l">0</subfield>
    <subfield code="o">Lectures libres 306 R67P</subfield>
    <subfield code="p">00000028</subfield>
    <subfield code="r">2016-07-12</subfield>
    <subfield code="t">1</subfield>
    <subfield code="w">2016-07-12</subfield>
    <subfield code="y">MONO</subfield>
  </datafield>
</record>