

<record>
  <leader>00584nam a2200169Ia 4500</leader>
  <controlfield tag="008">160711s9999    xx            000 0 und d</controlfield>
  <datafield tag="020" ind1=" " ind2=" ">
    <subfield code="a">9780495007616</subfield>
  </datafield>
  <datafield tag="041" ind1=" " ind2=" ">
    <subfield code="a">eng</subfield>
  </datafield>
  <datafield tag="082" ind1=" " ind2=" ">
    <subfield code="a">320 L47C</subfield>
  </datafield>
  <datafield tag="100" ind1="1" ind2=" ">
    <subfield code="a">Le Roy, Michael K.</subfield>
  </datafield>
  <datafield tag="245" ind1="0" ind2="1">
    <subfield code="a">Comparative politics : using MicroCase Explorit //</subfield>
    <subfield code="c">Michael K. Le Roy.</subfield>
  </datafield>
  <datafield tag="250" ind1=" " ind2=" ">
    <subfield code="a">4th ed., Wadsworth Microcase student version</subfield>
  </datafield>
  <datafield tag="260" ind1=" " ind2=" ">
    <subfield code="a">Belmont, CA :</subfield>
    <subfield code="b">Thomson Wadsworth,</subfield>
    <subfield code="c">2007.</subfield>
  </datafield>
  <datafield tag="300" ind1=" " ind2=" ">
    <subfield code="a">xviii, 279 pages : illustrations, maps ; 26 cm</subfield>
  </datafield>
  <datafield tag="600" ind1="1" ind2="4">
    <subfield code="a">Le Roy, Michael K.</subfield>
  </datafield>
  <datafield tag="650" ind1=" " ind2="4">
    <subfield code="a">World politics -- Computer-assisted instruction.</subfield>
  </datafield>
  <datafield tag="999" ind1=" " ind2=" ">
    <subfield code="c">1499</subfield>
    <subfield code="d">1499</subfield>
  </datafield>
  <datafield tag="952" ind1=" " ind2=" ">
    <subfield code="0">0</subfield>
    <subfield code="1">0</subfield>
    <subfield code="4">0</subfield>
    <subfield code="6">LECTURES_LIBRES_320_000000000000000_L47C</subfield>
    <subfield code="7">0</subfield>
    <subfield code="9">2167</subfield>
    <subfield code="a">HELPR</subfield>
    <subfield code="b">HELPR</subfield>
    <subfield code="d">2016-07-12</subfield>
    <subfield code="i">01491</subfield>
    <subfield code="l">0</subfield>
    <subfield code="o">Lectures libres 320 L47C</subfield>
    <subfield code="p">00000063</subfield>
    <subfield code="r">2016-07-12</subfield>
    <subfield code="t">1</subfield>
    <subfield code="w">2016-07-12</subfield>
    <subfield code="y">MONO</subfield>
  </datafield>
</record>