

<record>
  <leader>00709nam a2200157Ia 4500</leader>
  <controlfield tag="008">160711s9999    xx            000 0 und d</controlfield>
  <datafield tag="020" ind1=" " ind2=" ">
    <subfield code="a">9780520243262</subfield>
  </datafield>
  <datafield tag="041" ind1=" " ind2=" ">
    <subfield code="a">eng</subfield>
  </datafield>
  <datafield tag="082" ind1=" " ind2=" ">
    <subfield code="a">323 F37P</subfield>
  </datafield>
  <datafield tag="100" ind1="1" ind2=" ">
    <subfield code="a">Farmer, Paul, 1959-</subfield>
  </datafield>
  <datafield tag="245" ind1="0" ind2="1">
    <subfield code="a">Pathologies of power : health, human rights, and the new war on the poor //</subfield>
    <subfield code="c"> Paul Farmer ; with a foreword by Amartya Sen.</subfield>
  </datafield>
  <datafield tag="260" ind1=" " ind2=" ">
    <subfield code="a">Berkeley:</subfield>
    <subfield code="b">University of California Press,</subfield>
    <subfield code="c">2005.</subfield>
  </datafield>
  <datafield tag="300" ind1=" " ind2=" ">
    <subfield code="a">xxiv, 402 pages ; 24 cm.</subfield>
  </datafield>
  <datafield tag="520" ind1=" " ind2=" ">
    <subfield code="a">"Pathologies of Power" uses harrowing stories of life and death to argue that the promotion of social and economic rights of the poor is the most important human rights struggle of our times..</subfield>
  </datafield>
  <datafield tag="600" ind1="1" ind2="4">
    <subfield code="a">Farmer, Paul, 1959-</subfield>
  </datafield>
  <datafield tag="999" ind1=" " ind2=" ">
    <subfield code="c">1503</subfield>
    <subfield code="d">1503</subfield>
  </datafield>
  <datafield tag="952" ind1=" " ind2=" ">
    <subfield code="0">0</subfield>
    <subfield code="1">0</subfield>
    <subfield code="4">0</subfield>
    <subfield code="6">LECTURES_LIBRES_323_000000000000000_F37P</subfield>
    <subfield code="7">0</subfield>
    <subfield code="9">2171</subfield>
    <subfield code="a">HELPR</subfield>
    <subfield code="b">HELPR</subfield>
    <subfield code="d">2016-07-12</subfield>
    <subfield code="i">01495</subfield>
    <subfield code="l">0</subfield>
    <subfield code="o">Lectures libres 323 F37P</subfield>
    <subfield code="p">00000067</subfield>
    <subfield code="r">2016-07-12</subfield>
    <subfield code="t">1</subfield>
    <subfield code="w">2016-07-12</subfield>
    <subfield code="y">MONO</subfield>
  </datafield>
</record>