

<record>
  <leader>00303cam a2200109 a 4500</leader>
  <datafield tag="999" ind1=" " ind2=" ">
    <subfield code="c">1948</subfield>
    <subfield code="d">1948</subfield>
  </datafield>
  <controlfield tag="008">040601s2005    xxuabcjj      000 1 eng  </controlfield>
  <datafield tag="020" ind1=" " ind2=" ">
    <subfield code="a">9780439499064</subfield>
  </datafield>
  <datafield tag="100" ind1="1" ind2=" ">
    <subfield code="d">1969</subfield>
  </datafield>
  <datafield tag="245" ind1="1" ind2="0">
    <subfield code="a">Anacaona, Golden Flower [Haiti, 1490] /</subfield>
    <subfield code="c">by Edwidge Danticat.</subfield>
  </datafield>
  <datafield tag="260" ind1=" " ind2=" ">
    <subfield code="a">New York :</subfield>
    <subfield code="b">Scholastic,</subfield>
    <subfield code="c">2005.</subfield>
  </datafield>
  <datafield tag="942" ind1=" " ind2=" ">
    <subfield code="c">MONO</subfield>
  </datafield>
  <datafield tag="952" ind1=" " ind2=" ">
    <subfield code="0">0</subfield>
    <subfield code="1">0</subfield>
    <subfield code="2">ddc</subfield>
    <subfield code="4">0</subfield>
    <subfield code="6">HIST__GÉO_813_000000000000000_D36A</subfield>
    <subfield code="7">0</subfield>
    <subfield code="9">2522</subfield>
    <subfield code="a">HELPR</subfield>
    <subfield code="b">HELPR</subfield>
    <subfield code="d">2016-07-26</subfield>
    <subfield code="l">1</subfield>
    <subfield code="o">Hist &amp; Géo 813 D36A</subfield>
    <subfield code="p">0000421</subfield>
    <subfield code="r">2016-07-27</subfield>
    <subfield code="s">2016-07-27</subfield>
    <subfield code="t">1</subfield>
    <subfield code="w">2016-07-26</subfield>
    <subfield code="y">MONO</subfield>
  </datafield>
</record>