

<record>
  <leader>00990nam a2200217 a 4500</leader>
  <controlfield tag="001">01-1015579</controlfield>
  <controlfield tag="003">OSt</controlfield>
  <controlfield tag="005">20160728143857.0</controlfield>
  <controlfield tag="008">050705s2005    quc               f fre  </controlfield>
  <datafield tag="020" ind1=" " ind2=" ">
    <subfield code="a">2839900556 (Rezonance) (br.)</subfield>
  </datafield>
  <datafield tag="020" ind1=" " ind2=" ">
    <subfield code="a">2923153359 (Mémoire)</subfield>
  </datafield>
  <datafield tag="035" ind1=" " ind2=" ">
    <subfield code="a">A514972</subfield>
  </datafield>
  <datafield tag="040" ind1=" " ind2=" ">
    <subfield code="a">SDM</subfield>
    <subfield code="b">fre</subfield>
    <subfield code="d">QMBM</subfield>
    <subfield code="c">HelpR</subfield>
  </datafield>
  <datafield tag="082" ind1=" " ind2=" ">
    <subfield code="a">843</subfield>
    <subfield code="b">P37N</subfield>
  </datafield>
  <datafield tag="100" ind1="1" ind2=" ">
    <subfield code="a">Pasquet, Jean-Marc,</subfield>
    <subfield code="d">1959-</subfield>
  </datafield>
  <datafield tag="245" ind1="1" ind2="0">
    <subfield code="a">Nègre blanc :</subfield>
    <subfield code="b">roman /</subfield>
    <subfield code="c">Jean-Marc Pasquet ; suivi de trois nouvelles inédites.</subfield>
  </datafield>
  <datafield tag="260" ind1=" " ind2=" ">
    <subfield code="a">Montréal :</subfield>
    <subfield code="b">Mémoire d'encrier ;</subfield>
    <subfield code="a">Genève :</subfield>
    <subfield code="b">Rezonance,</subfield>
    <subfield code="c">2005.</subfield>
  </datafield>
  <datafield tag="300" ind1=" " ind2=" ">
    <subfield code="a">394 p. ;</subfield>
    <subfield code="c">21 cm.</subfield>
  </datafield>
  <datafield tag="520" ind1="8" ind2=" ">
    <subfield code="a">"Non, l'Afrique ne m'avait pas trompé" (p. 53). Un roman policier, publié en 1996, qui se déroule en Côte d'Ivoire et dont le héros est un métis impliqué dans une affaire de diamants et amoureux d'une femme otage de "malfrats à la solde d'un caïd libanais" (G. Archambault). Trois courtes nouvelles, p. 355-394, complètent le volume. [SDM]</subfield>
  </datafield>
  <datafield tag="942" ind1=" " ind2=" ">
    <subfield code="2">ddc</subfield>
    <subfield code="c">MONO</subfield>
  </datafield>
  <datafield tag="999" ind1=" " ind2=" ">
    <subfield code="c">1952</subfield>
    <subfield code="d">1952</subfield>
  </datafield>
  <datafield tag="952" ind1=" " ind2=" ">
    <subfield code="0">0</subfield>
    <subfield code="1">0</subfield>
    <subfield code="2">ddc</subfield>
    <subfield code="4">0</subfield>
    <subfield code="6">LECTURES_LIBRES_843_000000000000000_P37N</subfield>
    <subfield code="7">0</subfield>
    <subfield code="9">2523</subfield>
    <subfield code="a">HELPR</subfield>
    <subfield code="b">HELPR</subfield>
    <subfield code="d">2016-07-26</subfield>
    <subfield code="l">0</subfield>
    <subfield code="o">Lectures libres 843 P37N</subfield>
    <subfield code="r">2016-07-26</subfield>
    <subfield code="w">2016-07-26</subfield>
    <subfield code="y">MONO</subfield>
  </datafield>
</record>