

<record>
  <leader>00912nam a2200289 a 4500</leader>
  <controlfield tag="001">01-1105671</controlfield>
  <controlfield tag="003">OSt</controlfield>
  <controlfield tag="005">20160808154522.0</controlfield>
  <controlfield tag="008">071026s2007    fr                0 fre  </controlfield>
  <datafield tag="020" ind1=" " ind2=" ">
    <subfield code="a">9782738120359 (br.)</subfield>
  </datafield>
  <datafield tag="035" ind1=" " ind2=" ">
    <subfield code="a">A730926</subfield>
  </datafield>
  <datafield tag="040" ind1=" " ind2=" ">
    <subfield code="a">SDM</subfield>
    <subfield code="b">fre</subfield>
    <subfield code="d">QMBM</subfield>
    <subfield code="c">HelpR</subfield>
  </datafield>
  <datafield tag="082" ind1=" " ind2=" ">
    <subfield code="a">361 C55D</subfield>
  </datafield>
  <datafield tag="100" ind1="1" ind2=" ">
    <subfield code="a">Clinton, Bill,</subfield>
    <subfield code="d">1946-</subfield>
  </datafield>
  <datafield tag="245" ind1="1" ind2="0">
    <subfield code="a">Donner :</subfield>
    <subfield code="b">comment chacun de nous peut changer le monde /</subfield>
    <subfield code="c">Bill Clinton ; traduit de l'anglais (États-Unis) par Michèle Garène et Patrick Hersant.</subfield>
  </datafield>
  <datafield tag="246" ind1="3" ind2="0">
    <subfield code="a">Comment chacun de nous peut changer le monde.</subfield>
  </datafield>
  <datafield tag="260" ind1=" " ind2=" ">
    <subfield code="a">Paris :</subfield>
    <subfield code="b">O. Jacob,</subfield>
    <subfield code="c">c2007.</subfield>
  </datafield>
  <datafield tag="300" ind1=" " ind2=" ">
    <subfield code="a">297 p. :</subfield>
    <subfield code="b">ill. ;</subfield>
    <subfield code="c">22 cm.</subfield>
  </datafield>
  <datafield tag="504" ind1=" " ind2=" ">
    <subfield code="a">Bibliogr. et webographie: p. 273-[295]</subfield>
  </datafield>
  <datafield tag="534" ind1=" " ind2=" ">
    <subfield code="t">Giving.</subfield>
  </datafield>
  <datafield tag="650" ind1=" " ind2="6">
    <subfield code="a">Action sociale.</subfield>
  </datafield>
  <datafield tag="650" ind1=" " ind2="6">
    <subfield code="a">Générosité.</subfield>
  </datafield>
  <datafield tag="650" ind1=" " ind2="6">
    <subfield code="a">Bénévolat.</subfield>
  </datafield>
  <datafield tag="650" ind1=" " ind2="6">
    <subfield code="a">Fondations.</subfield>
  </datafield>
  <datafield tag="650" ind1=" " ind2="6">
    <subfield code="a">Œuvres de bienfaisance.</subfield>
  </datafield>
  <datafield tag="942" ind1=" " ind2=" ">
    <subfield code="2">ddc</subfield>
    <subfield code="c">MONO</subfield>
  </datafield>
  <datafield tag="999" ind1=" " ind2=" ">
    <subfield code="c">1962</subfield>
    <subfield code="d">1962</subfield>
  </datafield>
  <datafield tag="952" ind1=" " ind2=" ">
    <subfield code="0">0</subfield>
    <subfield code="1">0</subfield>
    <subfield code="2">ddc</subfield>
    <subfield code="4">0</subfield>
    <subfield code="6">LECTURES_LIBRES_304_000000000000000_C55D</subfield>
    <subfield code="7">0</subfield>
    <subfield code="9">2535</subfield>
    <subfield code="a">HELPR</subfield>
    <subfield code="b">HELPR</subfield>
    <subfield code="d">2019-08-16</subfield>
    <subfield code="e">Don de Caroline Gadoury</subfield>
    <subfield code="i">01782</subfield>
    <subfield code="l">0</subfield>
    <subfield code="o">Lectures libres 304 C55D</subfield>
    <subfield code="p">0002252</subfield>
    <subfield code="r">2016-08-08</subfield>
    <subfield code="t">1</subfield>
    <subfield code="y">MONO</subfield>
  </datafield>
</record>