

<record>
  <leader>00523nam a22001697a 4500</leader>
  <controlfield tag="003">OSt</controlfield>
  <controlfield tag="005">20160808161353.0</controlfield>
  <controlfield tag="008">160808b        xxu||||| |||| 00| 0 eng d</controlfield>
  <datafield tag="040" ind1=" " ind2=" ">
    <subfield code="c">HelpR</subfield>
  </datafield>
  <datafield tag="082" ind1=" " ind2=" ">
    <subfield code="a">972 A73E</subfield>
  </datafield>
  <datafield tag="100" ind1=" " ind2=" ">
    <subfield code="d">Ardouin, B. (Beaubrun), 1796-1865</subfield>
  </datafield>
  <datafield tag="245" ind1=" " ind2=" ">
    <subfield code="a">Etudes sur l'histoire d'Haïti,</subfield>
    <subfield code="b">suivi de la vie du général J.M. Borgella</subfield>
    <subfield code="c">Beaubrun Ardouin</subfield>
  </datafield>
  <datafield tag="250" ind1=" " ind2=" ">
    <subfield code="a">3e ed.</subfield>
  </datafield>
  <datafield tag="260" ind1=" " ind2=" ">
    <subfield code="a">Port-au-Prince :  </subfield>
    <subfield code="b">Éds. Fardin,</subfield>
    <subfield code="c">2005.</subfield>
  </datafield>
  <datafield tag="300" ind1=" " ind2=" ">
    <subfield code="a">11 volumes in 3. : illustrations ; </subfield>
    <subfield code="c">28 cm</subfield>
  </datafield>
  <datafield tag="942" ind1=" " ind2=" ">
    <subfield code="2">ddc</subfield>
    <subfield code="c">MONO</subfield>
  </datafield>
  <datafield tag="999" ind1=" " ind2=" ">
    <subfield code="c">1963</subfield>
    <subfield code="d">1963</subfield>
  </datafield>
  <datafield tag="952" ind1=" " ind2=" ">
    <subfield code="0">0</subfield>
    <subfield code="1">0</subfield>
    <subfield code="2">ddc</subfield>
    <subfield code="4">0</subfield>
    <subfield code="6">HIST__GÉO_972_000000000000000_A73E_V_1</subfield>
    <subfield code="7">0</subfield>
    <subfield code="9">2536</subfield>
    <subfield code="a">HELPR</subfield>
    <subfield code="b">HELPR</subfield>
    <subfield code="d">2016-08-08</subfield>
    <subfield code="i">00034</subfield>
    <subfield code="l">0</subfield>
    <subfield code="o">Hist &amp; Géo 972 A73E V.1</subfield>
    <subfield code="r">2016-08-08</subfield>
    <subfield code="t">1</subfield>
    <subfield code="w">2016-08-08</subfield>
    <subfield code="y">MONO</subfield>
    <subfield code="z">Tomes 1,2,3,4</subfield>
  </datafield>
  <datafield tag="952" ind1=" " ind2=" ">
    <subfield code="0">0</subfield>
    <subfield code="1">0</subfield>
    <subfield code="2">ddc</subfield>
    <subfield code="4">0</subfield>
    <subfield code="6">HIST__GÉO_972_000000000000000_A73E_V_3</subfield>
    <subfield code="7">0</subfield>
    <subfield code="9">2537</subfield>
    <subfield code="a">HELPR</subfield>
    <subfield code="b">HELPR</subfield>
    <subfield code="d">2016-08-08</subfield>
    <subfield code="i">00557</subfield>
    <subfield code="l">0</subfield>
    <subfield code="o">Hist &amp; Géo 972 A73E V.3</subfield>
    <subfield code="r">2016-08-08</subfield>
    <subfield code="t">1</subfield>
    <subfield code="w">2016-08-08</subfield>
    <subfield code="y">MONO</subfield>
    <subfield code="z">Tomes 8,9,10,11</subfield>
  </datafield>
</record>