

<record>
  <leader>00953c0 ma2200277   4500</leader>
  <datafield tag="999" ind1=" " ind2=" ">
    <subfield code="c">1965</subfield>
    <subfield code="d">1965</subfield>
  </datafield>
  <controlfield tag="001">FRBNF413784980000003</controlfield>
  <controlfield tag="003">OSt</controlfield>
  <controlfield tag="005">20170308071124.0</controlfield>
  <controlfield tag="008">081114s 2008                 frfre     b  001 </controlfield>
  <controlfield tag="009">a  dh us           </controlfield>
  <datafield tag="015" ind1=" " ind2=" ">
    <subfield code="a">00949800</subfield>
  </datafield>
  <datafield tag="020" ind1=" " ind2=" ">
    <subfield code="a">9782729840150</subfield>
  </datafield>
  <datafield tag="038" ind1=" " ind2=" ">
    <subfield code="a">9782729840150</subfield>
  </datafield>
  <datafield tag="040" ind1=" " ind2=" ">
    <subfield code="c">HelprR</subfield>
  </datafield>
  <datafield tag="100" ind1=" " ind2=" ">
    <subfield code="a">Lapoyade-Deschamps</subfield>
    <subfield code="d">1939-....</subfield>
    <subfield code="4">0070</subfield>
  </datafield>
  <datafield tag="245" ind1="1" ind2=" ">
    <subfield code="a">Droit des obligations</subfield>
    <subfield code="d">Texte imprimé</subfield>
    <subfield code="f">Christian Lapoyade-Deschamps,... Laurent Bloch,... Stéphanie Moracchini-Zeidenberg,...</subfield>
  </datafield>
  <datafield tag="250" ind1=" " ind2=" ">
    <subfield code="a">2e éd.</subfield>
  </datafield>
  <datafield tag="260" ind1=" " ind2=" ">
    <subfield code="a">Paris</subfield>
    <subfield code="c">Ellipses</subfield>
    <subfield code="d">impr. 2008</subfield>
  </datafield>
  <datafield tag="270" ind1=" " ind2=" ">
    <subfield code="a">61-Lonrai</subfield>
    <subfield code="c">Normandie roto impr.</subfield>
  </datafield>
  <datafield tag="300" ind1=" " ind2=" ">
    <subfield code="a">Bibliogr. p. 311-312. Index</subfield>
  </datafield>
  <datafield tag="410" ind1=" " ind2=" ">
    <subfield code="t">Universités. Droit</subfield>
    <subfield code="x">1287-0099</subfield>
    <subfield code="d">2008</subfield>
  </datafield>
  <datafield tag="410" ind1=" " ind2=" ">
    <subfield code="t">Universités (Paris)</subfield>
    <subfield code="x">1258-195X</subfield>
    <subfield code="d">2008</subfield>
  </datafield>
  <datafield tag="700" ind1=" " ind2=" ">
    <subfield code="3">16133767</subfield>
    <subfield code="a">Bloch</subfield>
    <subfield code="m">Laurent</subfield>
    <subfield code="d">1973-....</subfield>
    <subfield code="4">0070</subfield>
  </datafield>
  <datafield tag="700" ind1=" " ind2=" ">
    <subfield code="3">14580689</subfield>
    <subfield code="a">Moracchini-Zeidenberg</subfield>
    <subfield code="m">Stéphanie</subfield>
    <subfield code="d">1974-....</subfield>
    <subfield code="4">0070</subfield>
  </datafield>
  <datafield tag="942" ind1=" " ind2=" ">
    <subfield code="2">ddc</subfield>
    <subfield code="c">MONO</subfield>
  </datafield>
  <datafield tag="952" ind1=" " ind2=" ">
    <subfield code="0">0</subfield>
    <subfield code="1">0</subfield>
    <subfield code="2">ddc</subfield>
    <subfield code="4">0</subfield>
    <subfield code="6">346_000000000000000_C37D</subfield>
    <subfield code="7">0</subfield>
    <subfield code="9">2571</subfield>
    <subfield code="a">HELPR</subfield>
    <subfield code="b">HELPR</subfield>
    <subfield code="d">2017-03-08</subfield>
    <subfield code="i">01911</subfield>
    <subfield code="l">0</subfield>
    <subfield code="o">346 C37D</subfield>
    <subfield code="r">2017-03-08</subfield>
    <subfield code="w">2017-03-08</subfield>
    <subfield code="y">MONO</subfield>
  </datafield>
  <datafield tag="952" ind1=" " ind2=" ">
    <subfield code="0">0</subfield>
    <subfield code="1">0</subfield>
    <subfield code="2">ddc</subfield>
    <subfield code="4">0</subfield>
    <subfield code="6">346_000000000000000_C37D</subfield>
    <subfield code="7">0</subfield>
    <subfield code="9">3424</subfield>
    <subfield code="a">HELPR</subfield>
    <subfield code="b">HELPR</subfield>
    <subfield code="d">2017-03-08</subfield>
    <subfield code="i">01911</subfield>
    <subfield code="l">0</subfield>
    <subfield code="o">346 C37D</subfield>
    <subfield code="p">0002262</subfield>
    <subfield code="r">2018-07-25</subfield>
    <subfield code="w">2017-03-08</subfield>
    <subfield code="y">MONO</subfield>
  </datafield>
</record>