

<record>
  <leader>00402    a2200169   4500</leader>
  <datafield tag="999" ind1=" " ind2=" ">
    <subfield code="c">1967</subfield>
    <subfield code="d">1967</subfield>
  </datafield>
  <controlfield tag="003">OSt</controlfield>
  <controlfield tag="005">20170725115153.0</controlfield>
  <controlfield tag="008">170725b        xxu||||| |||| 00| 0 eng d</controlfield>
  <datafield tag="020" ind1=" " ind2=" ">
    <subfield code="a">9782254104093</subfield>
  </datafield>
  <datafield tag="040" ind1=" " ind2=" ">
    <subfield code="c">HelpR</subfield>
  </datafield>
  <datafield tag="082" ind1=" " ind2=" ">
    <subfield code="a">345 P73D</subfield>
  </datafield>
  <datafield tag="245" ind1=" " ind2=" ">
    <subfield code="a">Droit Pénal Général</subfield>
  </datafield>
  <datafield tag="250" ind1=" " ind2=" ">
    <subfield code="a">18e Edition 2010</subfield>
  </datafield>
  <datafield tag="260" ind1=" " ind2=" ">
    <subfield code="a">Paris</subfield>
    <subfield code="b">Editions Cujas</subfield>
    <subfield code="c">1974</subfield>
  </datafield>
  <datafield tag="300" ind1=" " ind2=" ">
    <subfield code="a">726 p.;</subfield>
    <subfield code="c">21 cm.</subfield>
  </datafield>
  <datafield tag="942" ind1=" " ind2=" ">
    <subfield code="2">ddc</subfield>
    <subfield code="c">MONO</subfield>
  </datafield>
  <datafield tag="952" ind1=" " ind2=" ">
    <subfield code="0">0</subfield>
    <subfield code="1">0</subfield>
    <subfield code="2">ddc</subfield>
    <subfield code="4">0</subfield>
    <subfield code="6">345_000000000000000_P73D</subfield>
    <subfield code="7">0</subfield>
    <subfield code="9">2572</subfield>
    <subfield code="a">HELPR</subfield>
    <subfield code="b">HELPR</subfield>
    <subfield code="d">2017-07-25</subfield>
    <subfield code="i">01342</subfield>
    <subfield code="l">0</subfield>
    <subfield code="o">345 P73D</subfield>
    <subfield code="p">0000539</subfield>
    <subfield code="r">2017-07-25</subfield>
    <subfield code="t">1</subfield>
    <subfield code="w">2017-07-25</subfield>
    <subfield code="y">MONO</subfield>
  </datafield>
</record>