

<record>
  <leader>00961c0 ma2200301   4500</leader>
  <datafield tag="999" ind1=" " ind2=" ">
    <subfield code="c">1968</subfield>
    <subfield code="d">1968</subfield>
  </datafield>
  <controlfield tag="001">FRBNF389277220000007</controlfield>
  <controlfield tag="003">OSt</controlfield>
  <controlfield tag="005">20170823055036.0</controlfield>
  <controlfield tag="008">021212s 2002                 frfre     b  002 </controlfield>
  <controlfield tag="009">aa   z s      a    </controlfield>
  <controlfield tag="009">sa   eus  1 a  amm c</controlfield>
  <datafield tag="020" ind1=" " ind2=" ">
    <subfield code="a">2206085674</subfield>
  </datafield>
  <datafield tag="038" ind1=" " ind2=" ">
    <subfield code="a">9782206085678</subfield>
  </datafield>
  <datafield tag="040" ind1=" " ind2=" ">
    <subfield code="c">HelpR</subfield>
  </datafield>
  <datafield tag="050" ind1=" " ind2=" ">
    <subfield code="a">a06</subfield>
  </datafield>
  <datafield tag="050" ind1=" " ind2=" ">
    <subfield code="a">s03</subfield>
  </datafield>
  <datafield tag="082" ind1=" " ind2=" ">
    <subfield code="a">440 T66P II</subfield>
  </datafield>
  <datafield tag="100" ind1=" " ind2=" ">
    <subfield code="a">Tomassone</subfield>
    <subfield code="4">0070</subfield>
  </datafield>
  <datafield tag="245" ind1="1" ind2=" ">
    <subfield code="a">Pour enseigner la grammaire</subfield>
    <subfield code="d">Multimédia multisupport</subfield>
    <subfield code="h">II</subfield>
    <subfield code="e">textes et pratiques</subfield>
    <subfield code="f">Roberte Tomassone, Geneviève Petiot</subfield>
  </datafield>
  <datafield tag="257" ind1=" " ind2=" ">
    <subfield code="a">Données textuelles</subfield>
  </datafield>
  <datafield tag="260" ind1=" " ind2=" ">
    <subfield code="a">[Paris]</subfield>
    <subfield code="c">2002</subfield>
    <subfield code="b">Delagrave</subfield>
  </datafield>
  <datafield tag="300" ind1=" " ind2=" ">
    <subfield code="a">Bibliogr. p. 283-284. Index</subfield>
  </datafield>
  <datafield tag="337" ind1=" " ind2=" ">
    <subfield code="a">PC ou Macintosh</subfield>
    <subfield code="a">Acrobat Reader 4 (fourni)</subfield>
    <subfield code="a">Netscape communicator</subfield>
  </datafield>
  <datafield tag="410" ind1=" " ind2=" ">
    <subfield code="t">Delagrave pédagogie et formation</subfield>
    <subfield code="x">1298-2067</subfield>
    <subfield code="d">2002</subfield>
  </datafield>
  <datafield tag="700" ind1=" " ind2=" ">
    <subfield code="3">12210857</subfield>
    <subfield code="a">Petiot</subfield>
    <subfield code="m">Geneviève</subfield>
    <subfield code="d">1935-2015</subfield>
    <subfield code="4">0070</subfield>
  </datafield>
  <datafield tag="730" ind1=" " ind2=" ">
    <subfield code="3">14015527</subfield>
    <subfield code="a">Delagrave</subfield>
  </datafield>
  <datafield tag="942" ind1=" " ind2=" ">
    <subfield code="2">ddc</subfield>
    <subfield code="c">MONO</subfield>
  </datafield>
  <datafield tag="952" ind1=" " ind2=" ">
    <subfield code="0">0</subfield>
    <subfield code="1">0</subfield>
    <subfield code="2">ddc</subfield>
    <subfield code="4">0</subfield>
    <subfield code="6">440_000000000000000_T66P_II</subfield>
    <subfield code="7">0</subfield>
    <subfield code="9">2573</subfield>
    <subfield code="a">HELPR</subfield>
    <subfield code="b">HELPR</subfield>
    <subfield code="d">2017-08-23</subfield>
    <subfield code="i">01638</subfield>
    <subfield code="l">0</subfield>
    <subfield code="o">440 T66P II</subfield>
    <subfield code="p">0000578</subfield>
    <subfield code="r">2017-08-23</subfield>
    <subfield code="t">2</subfield>
    <subfield code="w">2017-08-23</subfield>
    <subfield code="y">MONO</subfield>
  </datafield>
  <datafield tag="952" ind1=" " ind2=" ">
    <subfield code="0">0</subfield>
    <subfield code="1">0</subfield>
    <subfield code="2">ddc</subfield>
    <subfield code="4">0</subfield>
    <subfield code="6">440_000000000000000_T66P_II</subfield>
    <subfield code="7">0</subfield>
    <subfield code="9">2574</subfield>
    <subfield code="a">HELPR</subfield>
    <subfield code="b">HELPR</subfield>
    <subfield code="d">2017-08-23</subfield>
    <subfield code="i">01571</subfield>
    <subfield code="l">0</subfield>
    <subfield code="o">440 T66P II</subfield>
    <subfield code="p">0000582</subfield>
    <subfield code="r">2017-08-23</subfield>
    <subfield code="t">6</subfield>
    <subfield code="w">2017-08-23</subfield>
    <subfield code="y">MONO</subfield>
  </datafield>
  <datafield tag="952" ind1=" " ind2=" ">
    <subfield code="0">0</subfield>
    <subfield code="1">0</subfield>
    <subfield code="2">ddc</subfield>
    <subfield code="4">0</subfield>
    <subfield code="6">440_000000000000000_T66P_II</subfield>
    <subfield code="7">0</subfield>
    <subfield code="9">2575</subfield>
    <subfield code="a">HELPR</subfield>
    <subfield code="b">HELPR</subfield>
    <subfield code="d">2017-08-23</subfield>
    <subfield code="i">01564</subfield>
    <subfield code="l">0</subfield>
    <subfield code="o">440 T66P II</subfield>
    <subfield code="p">0000579</subfield>
    <subfield code="r">2017-08-23</subfield>
    <subfield code="t">3</subfield>
    <subfield code="w">2017-08-23</subfield>
    <subfield code="y">MONO</subfield>
  </datafield>
  <datafield tag="952" ind1=" " ind2=" ">
    <subfield code="0">0</subfield>
    <subfield code="1">0</subfield>
    <subfield code="2">ddc</subfield>
    <subfield code="4">0</subfield>
    <subfield code="6">440_000000000000000_T66P_II</subfield>
    <subfield code="7">0</subfield>
    <subfield code="9">2576</subfield>
    <subfield code="a">HELPR</subfield>
    <subfield code="b">HELPR</subfield>
    <subfield code="d">2017-08-23</subfield>
    <subfield code="i">01569</subfield>
    <subfield code="l">0</subfield>
    <subfield code="o">440 T66P II</subfield>
    <subfield code="p">0000580</subfield>
    <subfield code="r">2017-08-23</subfield>
    <subfield code="t">5</subfield>
    <subfield code="w">2017-08-23</subfield>
    <subfield code="y">MONO</subfield>
  </datafield>
  <datafield tag="952" ind1=" " ind2=" ">
    <subfield code="0">0</subfield>
    <subfield code="1">0</subfield>
    <subfield code="2">ddc</subfield>
    <subfield code="4">0</subfield>
    <subfield code="6">440_000000000000000_T66P_II</subfield>
    <subfield code="7">0</subfield>
    <subfield code="9">2577</subfield>
    <subfield code="a">HELPR</subfield>
    <subfield code="b">HELPR</subfield>
    <subfield code="d">2017-08-23</subfield>
    <subfield code="i">01641</subfield>
    <subfield code="l">0</subfield>
    <subfield code="o">440 T66P II</subfield>
    <subfield code="p">0000583</subfield>
    <subfield code="r">2017-08-23</subfield>
    <subfield code="t">4</subfield>
    <subfield code="w">2017-08-23</subfield>
    <subfield code="y">MONO</subfield>
  </datafield>
  <datafield tag="952" ind1=" " ind2=" ">
    <subfield code="0">0</subfield>
    <subfield code="1">0</subfield>
    <subfield code="2">ddc</subfield>
    <subfield code="4">0</subfield>
    <subfield code="6">440_000000000000000_T66P_II</subfield>
    <subfield code="7">0</subfield>
    <subfield code="9">2578</subfield>
    <subfield code="a">HELPR</subfield>
    <subfield code="b">HELPR</subfield>
    <subfield code="d">2017-08-23</subfield>
    <subfield code="i">01560</subfield>
    <subfield code="l">0</subfield>
    <subfield code="o">440 T66P II</subfield>
    <subfield code="p">0000584</subfield>
    <subfield code="r">2017-08-23</subfield>
    <subfield code="t">2</subfield>
    <subfield code="w">2017-08-23</subfield>
    <subfield code="y">MONO</subfield>
  </datafield>
</record>