

<record>
  <leader>01037cam a2200301 a 4500</leader>
  <datafield tag="999" ind1=" " ind2=" ">
    <subfield code="c">2227</subfield>
    <subfield code="d">2227</subfield>
  </datafield>
  <controlfield tag="001">12726058</controlfield>
  <controlfield tag="003">OSt</controlfield>
  <controlfield tag="005">20220810184728.0</controlfield>
  <controlfield tag="008">000316s1999    enka          001 0 eng d</controlfield>
  <datafield tag="010" ind1=" " ind2=" ">
    <subfield code="a">  2002392948</subfield>
  </datafield>
  <datafield tag="020" ind1=" " ind2=" ">
    <subfield code="a">9781861002778</subfield>
  </datafield>
  <datafield tag="040" ind1=" " ind2=" ">
    <subfield code="a">ORX</subfield>
    <subfield code="c">HelpR</subfield>
    <subfield code="d">NIC</subfield>
    <subfield code="d">DLC</subfield>
  </datafield>
  <datafield tag="050" ind1="0" ind2="0">
    <subfield code="a">QA76.73.J38</subfield>
    <subfield code="b">P746 1999</subfield>
  </datafield>
  <datafield tag="082" ind1="0" ind2="0">
    <subfield code="a">005 A94P</subfield>
  </datafield>
  <datafield tag="245" ind1="0" ind2="0">
    <subfield code="a">Professional Java Server programming /</subfield>
    <subfield code="c">Danny Ayers ... [et al.].</subfield>
  </datafield>
  <datafield tag="246" ind1="3" ind2=" ">
    <subfield code="a">Professional Java Server programming</subfield>
  </datafield>
  <datafield tag="246" ind1="3" ind2="0">
    <subfield code="a">Java Server programming</subfield>
  </datafield>
  <datafield tag="260" ind1=" " ind2=" ">
    <subfield code="a">Birmingham, UK ;</subfield>
    <subfield code="a">Chicago :</subfield>
    <subfield code="b">Wrox Press,</subfield>
    <subfield code="c">c1999</subfield>
    <subfield code="f">(2000 printing)</subfield>
  </datafield>
  <datafield tag="300" ind1=" " ind2=" ">
    <subfield code="a">xxix, 1121 p. :</subfield>
    <subfield code="b">ill. ;</subfield>
    <subfield code="c">24 cm.</subfield>
  </datafield>
  <datafield tag="500" ind1=" " ind2=" ">
    <subfield code="a">"Programmer to programmer"--Cover.</subfield>
  </datafield>
  <datafield tag="500" ind1=" " ind2=" ">
    <subfield code="a">Includes index.</subfield>
  </datafield>
  <datafield tag="650" ind1=" " ind2="0">
    <subfield code="a">Java (Computer program language)</subfield>
  </datafield>
  <datafield tag="650" ind1=" " ind2="0">
    <subfield code="a">Client/server computing.</subfield>
  </datafield>
  <datafield tag="700" ind1="1" ind2=" ">
    <subfield code="a">Ayers, Danny.</subfield>
  </datafield>
  <datafield tag="906" ind1=" " ind2=" ">
    <subfield code="a">7</subfield>
    <subfield code="b">cbc</subfield>
    <subfield code="c">copycat</subfield>
    <subfield code="d">2</subfield>
    <subfield code="e">ncip</subfield>
    <subfield code="f">20</subfield>
    <subfield code="g">y-gencatlg</subfield>
  </datafield>
  <datafield tag="942" ind1=" " ind2=" ">
    <subfield code="2">ddc</subfield>
    <subfield code="c">MONO</subfield>
    <subfield code="0">1</subfield>
  </datafield>
  <datafield tag="955" ind1=" " ind2=" ">
    <subfield code="a">nb05 2002-04-01 to ASCD for processing</subfield>
    <subfield code="a">jf00 2002-04-23</subfield>
    <subfield code="i">jb08 2002-08-03 to sl</subfield>
    <subfield code="a">aa20 2002-09-16</subfield>
  </datafield>
  <datafield tag="952" ind1=" " ind2=" ">
    <subfield code="0">0</subfield>
    <subfield code="1">0</subfield>
    <subfield code="2">ddc</subfield>
    <subfield code="4">0</subfield>
    <subfield code="6">005_000000000000000_A94P</subfield>
    <subfield code="7">0</subfield>
    <subfield code="9">2910</subfield>
    <subfield code="a">HELPR</subfield>
    <subfield code="b">HELPR</subfield>
    <subfield code="d">2017-09-01</subfield>
    <subfield code="i">00465</subfield>
    <subfield code="l">3</subfield>
    <subfield code="m">2</subfield>
    <subfield code="o">005 A94P</subfield>
    <subfield code="p">0000897</subfield>
    <subfield code="q">2022-11-18</subfield>
    <subfield code="r">2022-08-10</subfield>
    <subfield code="s">2022-08-10</subfield>
    <subfield code="t">1</subfield>
    <subfield code="w">2017-09-01</subfield>
    <subfield code="y">MONO</subfield>
  </datafield>
</record>