

<record>
  <leader>00365nam a22001577a 4500</leader>
  <datafield tag="999" ind1=" " ind2=" ">
    <subfield code="c">2263</subfield>
    <subfield code="d">2263</subfield>
  </datafield>
  <controlfield tag="003">OSt</controlfield>
  <controlfield tag="005">20170920150224.0</controlfield>
  <controlfield tag="008">170920b        xxu||||| |||| 00| 0 eng d</controlfield>
  <datafield tag="020" ind1=" " ind2=" ">
    <subfield code="a">9782212133585</subfield>
  </datafield>
  <datafield tag="040" ind1=" " ind2=" ">
    <subfield code="c">HelpR</subfield>
  </datafield>
  <datafield tag="082" ind1=" " ind2=" ">
    <subfield code="a">005 D45E</subfield>
  </datafield>
  <datafield tag="245" ind1=" " ind2=" ">
    <subfield code="a">Exercices en Java</subfield>
    <subfield code="c">Claude Delannoy</subfield>
  </datafield>
  <datafield tag="250" ind1=" " ind2=" ">
    <subfield code="a">3ème</subfield>
  </datafield>
  <datafield tag="260" ind1=" " ind2=" ">
    <subfield code="a">Paris</subfield>
    <subfield code="b">EYROLLES</subfield>
    <subfield code="c">2011</subfield>
  </datafield>
  <datafield tag="942" ind1=" " ind2=" ">
    <subfield code="2">ddc</subfield>
    <subfield code="c">MONO</subfield>
  </datafield>
  <datafield tag="952" ind1=" " ind2=" ">
    <subfield code="0">0</subfield>
    <subfield code="1">0</subfield>
    <subfield code="2">ddc</subfield>
    <subfield code="4">0</subfield>
    <subfield code="6">005_000000000000000_D45E</subfield>
    <subfield code="7">0</subfield>
    <subfield code="9">2948</subfield>
    <subfield code="a">HELPR</subfield>
    <subfield code="b">HELPR</subfield>
    <subfield code="d">2017-09-20</subfield>
    <subfield code="i">00351</subfield>
    <subfield code="l">1</subfield>
    <subfield code="o">005 D45E</subfield>
    <subfield code="p">0000942</subfield>
    <subfield code="q">2022-06-08</subfield>
    <subfield code="r">2022-05-11</subfield>
    <subfield code="s">2022-05-11</subfield>
    <subfield code="t">1</subfield>
    <subfield code="w">2017-09-20</subfield>
    <subfield code="y">MONO</subfield>
  </datafield>
</record>