

<record>
  <leader>00353nam a22001337a 4500</leader>
  <datafield tag="999" ind1=" " ind2=" ">
    <subfield code="c">2268</subfield>
    <subfield code="d">2268</subfield>
  </datafield>
  <controlfield tag="003">OSt</controlfield>
  <controlfield tag="005">20170921080624.0</controlfield>
  <controlfield tag="008">170921b        xxu||||| |||| 00| 0 eng d</controlfield>
  <datafield tag="040" ind1=" " ind2=" ">
    <subfield code="c">HelpR</subfield>
  </datafield>
  <datafield tag="082" ind1=" " ind2=" ">
    <subfield code="a">005 J43A</subfield>
  </datafield>
  <datafield tag="245" ind1=" " ind2=" ">
    <subfield code="a">Algorithmique et structures de données en langage C</subfield>
    <subfield code="c">Agénord Jean-Bernard</subfield>
  </datafield>
  <datafield tag="260" ind1=" " ind2=" ">
    <subfield code="a">Port-au-Prince</subfield>
    <subfield code="c">2009</subfield>
  </datafield>
  <datafield tag="942" ind1=" " ind2=" ">
    <subfield code="2">ddc</subfield>
    <subfield code="c">MONO</subfield>
  </datafield>
  <datafield tag="952" ind1=" " ind2=" ">
    <subfield code="0">0</subfield>
    <subfield code="1">0</subfield>
    <subfield code="2">ddc</subfield>
    <subfield code="4">0</subfield>
    <subfield code="6">005_000000000000000_J43A</subfield>
    <subfield code="7">0</subfield>
    <subfield code="9">2955</subfield>
    <subfield code="a">HELPR</subfield>
    <subfield code="b">HELPR</subfield>
    <subfield code="d">2017-09-21</subfield>
    <subfield code="i">00345</subfield>
    <subfield code="l">1</subfield>
    <subfield code="m">1</subfield>
    <subfield code="o">005 J43A</subfield>
    <subfield code="p">0000948</subfield>
    <subfield code="q">2022-05-23</subfield>
    <subfield code="r">2022-04-25</subfield>
    <subfield code="s">2022-04-25</subfield>
    <subfield code="t">1</subfield>
    <subfield code="w">2017-09-21</subfield>
    <subfield code="y">MONO</subfield>
  </datafield>
</record>