

<record>
  <leader>00435nam a22001577a 4500</leader>
  <datafield tag="999" ind1=" " ind2=" ">
    <subfield code="c">2890</subfield>
    <subfield code="d">2890</subfield>
  </datafield>
  <controlfield tag="003">OSt</controlfield>
  <controlfield tag="005">20180810101219.0</controlfield>
  <controlfield tag="008">180810b           ||||| |||| 00| 0 eng d</controlfield>
  <datafield tag="020" ind1=" " ind2=" ">
    <subfield code="a">9782100050352</subfield>
  </datafield>
  <datafield tag="040" ind1=" " ind2=" ">
    <subfield code="c">HelpR</subfield>
  </datafield>
  <datafield tag="050" ind1=" " ind2=" ">
    <subfield code="a">TECHNO. 623 G73A</subfield>
  </datafield>
  <datafield tag="245" ind1=" " ind2=" ">
    <subfield code="a">Algorithmique et programmation en Java : cours et exercices</subfield>
  </datafield>
  <datafield tag="260" ind1=" " ind2=" ">
    <subfield code="a">	Paris :</subfield>
    <subfield code="b"> Dunod, </subfield>
    <subfield code="c">2000.</subfield>
  </datafield>
  <datafield tag="300" ind1=" " ind2=" ">
    <subfield code="a">337 Seiten : Illustrationen ;</subfield>
    <subfield code="c"> 24 cm.</subfield>
  </datafield>
  <datafield tag="942" ind1=" " ind2=" ">
    <subfield code="2">ddc</subfield>
    <subfield code="c">MONO</subfield>
  </datafield>
  <datafield tag="952" ind1=" " ind2=" ">
    <subfield code="0">0</subfield>
    <subfield code="1">0</subfield>
    <subfield code="2">ddc</subfield>
    <subfield code="4">0</subfield>
    <subfield code="6">TECHNO___623_000000000000000_G73A</subfield>
    <subfield code="7">0</subfield>
    <subfield code="9">3762</subfield>
    <subfield code="a">HELPR</subfield>
    <subfield code="b">HELPR</subfield>
    <subfield code="d">2018-08-10</subfield>
    <subfield code="i">00530</subfield>
    <subfield code="l">1</subfield>
    <subfield code="o">TECHNO. 623 G73A</subfield>
    <subfield code="p">0001989</subfield>
    <subfield code="q">2022-05-23</subfield>
    <subfield code="r">2022-04-25</subfield>
    <subfield code="s">2022-04-25</subfield>
    <subfield code="t">1</subfield>
    <subfield code="w">2018-08-10</subfield>
    <subfield code="y">MONO</subfield>
  </datafield>
</record>