

<record>
  <leader>00247nam a22000977a 4500</leader>
  <datafield tag="020" ind1=" " ind2=" ">
    <subfield code="a">1 84176 428 0 </subfield>
  </datafield>
  <datafield tag="092" ind1=" " ind2=" ">
    <subfield code="a">940.5426</subfield>
  </datafield>
  <datafield tag="100" ind1=" " ind2=" ">
    <subfield code="a">Gordon R L. Rottman </subfield>
  </datafield>
  <datafield tag="245" ind1=" " ind2=" ">
    <subfield code="a">Japanese Pacific Island Defenses 1941-1945 </subfield>
    <subfield code="c">Osprey Publishing </subfield>
  </datafield>
  <datafield tag="942" ind1=" " ind2=" ">
    <subfield code="c">MONO</subfield>
  </datafield>
  <datafield tag="999" ind1=" " ind2=" ">
    <subfield code="c">3663</subfield>
    <subfield code="d">3663</subfield>
  </datafield>
  <datafield tag="952" ind1=" " ind2=" ">
    <subfield code="0">0</subfield>
    <subfield code="1">0</subfield>
    <subfield code="2">ddc</subfield>
    <subfield code="3">Fast Cataloged Item</subfield>
    <subfield code="4">0</subfield>
    <subfield code="6">940_542600000000000</subfield>
    <subfield code="7">0</subfield>
    <subfield code="9">4716</subfield>
    <subfield code="a">HELPR</subfield>
    <subfield code="b">HELPR</subfield>
    <subfield code="d">2023-01-24</subfield>
    <subfield code="l">0</subfield>
    <subfield code="o">940.5426</subfield>
    <subfield code="p">0000010002704</subfield>
    <subfield code="r">2023-01-24</subfield>
    <subfield code="w">2023-01-24</subfield>
    <subfield code="y">MONO</subfield>
    <subfield code="f"></subfield>
  </datafield>
</record>