

<record>
  <leader>00231nam a22000977a 4500</leader>
  <datafield tag="020" ind1=" " ind2=" ">
    <subfield code="a">978-0-8050-9335-3</subfield>
  </datafield>
  <datafield tag="092" ind1=" " ind2=" ">
    <subfield code="a">972,94</subfield>
  </datafield>
  <datafield tag="100" ind1=" " ind2=" ">
    <subfield code="a">Laurant Dubois</subfield>
  </datafield>
  <datafield tag="245" ind1=" " ind2=" ">
    <subfield code="a">Haiti the aftershocks of history</subfield>
    <subfield code="c">Metropolitan Books</subfield>
  </datafield>
  <datafield tag="942" ind1=" " ind2=" ">
    <subfield code="c">MONO</subfield>
  </datafield>
  <datafield tag="999" ind1=" " ind2=" ">
    <subfield code="c">3693</subfield>
    <subfield code="d">3693</subfield>
  </datafield>
  <datafield tag="952" ind1=" " ind2=" ">
    <subfield code="0">0</subfield>
    <subfield code="1">0</subfield>
    <subfield code="2">ddc</subfield>
    <subfield code="3">Fast Cataloged Item</subfield>
    <subfield code="4">0</subfield>
    <subfield code="6">97294</subfield>
    <subfield code="7">0</subfield>
    <subfield code="9">4747</subfield>
    <subfield code="a">HELPR</subfield>
    <subfield code="b">HELPR</subfield>
    <subfield code="d">2023-01-30</subfield>
    <subfield code="l">0</subfield>
    <subfield code="o">972,94</subfield>
    <subfield code="p">0000010003008</subfield>
    <subfield code="r">2023-01-30</subfield>
    <subfield code="w">2023-01-30</subfield>
    <subfield code="y">MONO</subfield>
    <subfield code="f"></subfield>
  </datafield>
  <datafield tag="952" ind1=" " ind2=" ">
    <subfield code="0">0</subfield>
    <subfield code="1">0</subfield>
    <subfield code="2">ddc</subfield>
    <subfield code="3">Fast Cataloged Item</subfield>
    <subfield code="4">0</subfield>
    <subfield code="6">97294</subfield>
    <subfield code="7">0</subfield>
    <subfield code="9">4748</subfield>
    <subfield code="a">HELPR</subfield>
    <subfield code="b">HELPR</subfield>
    <subfield code="d">2023-01-30</subfield>
    <subfield code="l">0</subfield>
    <subfield code="o">972,94</subfield>
    <subfield code="p">0000010003015</subfield>
    <subfield code="r">2023-01-30</subfield>
    <subfield code="w">2023-01-30</subfield>
    <subfield code="y">MONO</subfield>
    <subfield code="f"></subfield>
  </datafield>
</record>