

<record>
  <leader>00286nam a22000977a 4500</leader>
  <datafield tag="020" ind1=" " ind2=" ">
    <subfield code="a">978-2-36483-002-8</subfield>
  </datafield>
  <datafield tag="092" ind1=" " ind2=" ">
    <subfield code="a">842.4</subfield>
  </datafield>
  <datafield tag="100" ind1=" " ind2=" ">
    <subfield code="a">Fannie Campeau &amp; Françis Brière</subfield>
  </datafield>
  <datafield tag="245" ind1=" " ind2=" ">
    <subfield code="a">Manuel de survie / Pour mieux comprendre mon enfant</subfield>
    <subfield code="c">Caractère pour l'édition originale</subfield>
  </datafield>
  <datafield tag="942" ind1=" " ind2=" ">
    <subfield code="c">MONO</subfield>
  </datafield>
  <datafield tag="999" ind1=" " ind2=" ">
    <subfield code="c">4018</subfield>
    <subfield code="d">4018</subfield>
  </datafield>
  <datafield tag="952" ind1=" " ind2=" ">
    <subfield code="0">0</subfield>
    <subfield code="1">0</subfield>
    <subfield code="2">ddc</subfield>
    <subfield code="3">Fast Cataloged Item</subfield>
    <subfield code="4">0</subfield>
    <subfield code="6">842_400000000000000</subfield>
    <subfield code="7">0</subfield>
    <subfield code="9">5082</subfield>
    <subfield code="a">HELPR</subfield>
    <subfield code="b">HELPR</subfield>
    <subfield code="d">2023-02-13</subfield>
    <subfield code="l">0</subfield>
    <subfield code="o">842.4</subfield>
    <subfield code="p">0000010006351</subfield>
    <subfield code="r">2023-02-13</subfield>
    <subfield code="w">2023-02-13</subfield>
    <subfield code="y">MONO</subfield>
    <subfield code="f"></subfield>
  </datafield>
</record>