

<record>
  <leader>00223nam a22000977a 4500</leader>
  <datafield tag="020" ind1=" " ind2=" ">
    <subfield code="a">978 1 626232 365 0 </subfield>
  </datafield>
  <datafield tag="092" ind1=" " ind2=" ">
    <subfield code="a">843.914</subfield>
  </datafield>
  <datafield tag="100" ind1=" " ind2=" ">
    <subfield code="a">Pierre Michel Chery </subfield>
  </datafield>
  <datafield tag="245" ind1=" " ind2=" ">
    <subfield code="a">Peleren  woman  </subfield>
    <subfield code="c">Educa vision Inc </subfield>
  </datafield>
  <datafield tag="942" ind1=" " ind2=" ">
    <subfield code="c">MONO</subfield>
  </datafield>
  <datafield tag="999" ind1=" " ind2=" ">
    <subfield code="c">4029</subfield>
    <subfield code="d">4029</subfield>
  </datafield>
  <datafield tag="952" ind1=" " ind2=" ">
    <subfield code="0">0</subfield>
    <subfield code="1">0</subfield>
    <subfield code="2">ddc</subfield>
    <subfield code="3">Fast Cataloged Item</subfield>
    <subfield code="4">0</subfield>
    <subfield code="6">843_914000000000000</subfield>
    <subfield code="7">0</subfield>
    <subfield code="9">5093</subfield>
    <subfield code="a">HELPR</subfield>
    <subfield code="b">HELPR</subfield>
    <subfield code="d">2023-02-13</subfield>
    <subfield code="l">0</subfield>
    <subfield code="o">843.914</subfield>
    <subfield code="p">0000010006467</subfield>
    <subfield code="r">2023-02-13</subfield>
    <subfield code="w">2023-02-13</subfield>
    <subfield code="y">MONO</subfield>
    <subfield code="f"></subfield>
  </datafield>
  <datafield tag="952" ind1=" " ind2=" ">
    <subfield code="0">0</subfield>
    <subfield code="1">0</subfield>
    <subfield code="2">ddc</subfield>
    <subfield code="3">Fast Cataloged Item</subfield>
    <subfield code="4">0</subfield>
    <subfield code="6">843_914000000000000</subfield>
    <subfield code="7">0</subfield>
    <subfield code="9">5094</subfield>
    <subfield code="a">HELPR</subfield>
    <subfield code="b">HELPR</subfield>
    <subfield code="d">2023-02-13</subfield>
    <subfield code="l">0</subfield>
    <subfield code="o">843.914</subfield>
    <subfield code="p">0000010006474</subfield>
    <subfield code="r">2023-02-13</subfield>
    <subfield code="w">2023-02-13</subfield>
    <subfield code="y">MONO</subfield>
    <subfield code="f"></subfield>
  </datafield>
  <datafield tag="952" ind1=" " ind2=" ">
    <subfield code="0">0</subfield>
    <subfield code="1">0</subfield>
    <subfield code="2">ddc</subfield>
    <subfield code="3">Fast Cataloged Item</subfield>
    <subfield code="4">0</subfield>
    <subfield code="6">843_914000000000000</subfield>
    <subfield code="7">0</subfield>
    <subfield code="9">5095</subfield>
    <subfield code="a">HELPR</subfield>
    <subfield code="b">HELPR</subfield>
    <subfield code="d">2023-02-13</subfield>
    <subfield code="l">0</subfield>
    <subfield code="o">843.914</subfield>
    <subfield code="p">0000010006481</subfield>
    <subfield code="r">2023-02-13</subfield>
    <subfield code="w">2023-02-13</subfield>
    <subfield code="y">MONO</subfield>
    <subfield code="f"></subfield>
  </datafield>
</record>