

<record>
  <leader>00222nam a22000977a 4500</leader>
  <datafield tag="020" ind1=" " ind2=" ">
    <subfield code="a">978 0 446 56304 8 </subfield>
  </datafield>
  <datafield tag="092" ind1=" " ind2=" ">
    <subfield code="a">658.409</subfield>
  </datafield>
  <datafield tag="100" ind1=" " ind2=" ">
    <subfield code="a">Tony Hsieh </subfield>
  </datafield>
  <datafield tag="245" ind1=" " ind2=" ">
    <subfield code="a">Delivering Hapinness </subfield>
    <subfield code="c">Hachette Books Group </subfield>
  </datafield>
  <datafield tag="942" ind1=" " ind2=" ">
    <subfield code="c">MONO</subfield>
  </datafield>
  <datafield tag="999" ind1=" " ind2=" ">
    <subfield code="c">4146</subfield>
    <subfield code="d">4146</subfield>
  </datafield>
  <datafield tag="952" ind1=" " ind2=" ">
    <subfield code="0">0</subfield>
    <subfield code="1">0</subfield>
    <subfield code="2">ddc</subfield>
    <subfield code="3">Fast Cataloged Item</subfield>
    <subfield code="4">0</subfield>
    <subfield code="6">658_409000000000000</subfield>
    <subfield code="7">0</subfield>
    <subfield code="9">5224</subfield>
    <subfield code="a">HELPR</subfield>
    <subfield code="b">HELPR</subfield>
    <subfield code="d">2023-02-24</subfield>
    <subfield code="l">0</subfield>
    <subfield code="o">658.409</subfield>
    <subfield code="p">0000010007761</subfield>
    <subfield code="r">2023-02-24</subfield>
    <subfield code="w">2023-02-24</subfield>
    <subfield code="y">MONO</subfield>
    <subfield code="f"></subfield>
  </datafield>
  <datafield tag="952" ind1=" " ind2=" ">
    <subfield code="0">0</subfield>
    <subfield code="1">0</subfield>
    <subfield code="2">ddc</subfield>
    <subfield code="3">Fast Cataloged Item</subfield>
    <subfield code="4">0</subfield>
    <subfield code="6">658_409000000000000</subfield>
    <subfield code="7">0</subfield>
    <subfield code="9">5225</subfield>
    <subfield code="a">HELPR</subfield>
    <subfield code="b">HELPR</subfield>
    <subfield code="d">2023-02-24</subfield>
    <subfield code="l">0</subfield>
    <subfield code="o">658.409</subfield>
    <subfield code="p">0000010007778</subfield>
    <subfield code="r">2023-02-24</subfield>
    <subfield code="w">2023-02-24</subfield>
    <subfield code="y">MONO</subfield>
    <subfield code="f"></subfield>
  </datafield>
</record>