

<record>
  <leader>00249nam a22000977a 4500</leader>
  <datafield tag="020" ind1=" " ind2=" ">
    <subfield code="a">000 3215/ 000 3212/ 000 3214/ 000 3216/ 000 3058</subfield>
  </datafield>
  <datafield tag="092" ind1=" " ind2=" ">
    <subfield code="a">610.3</subfield>
  </datafield>
  <datafield tag="100" ind1=" " ind2=" ">
    <subfield code="a">Maude Heurtelou &amp; Fequiere Vilsaint</subfield>
  </datafield>
  <datafield tag="245" ind1=" " ind2=" ">
    <subfield code="a">Medical dictionary </subfield>
  </datafield>
  <datafield tag="942" ind1=" " ind2=" ">
    <subfield code="c">MONO</subfield>
  </datafield>
  <datafield tag="999" ind1=" " ind2=" ">
    <subfield code="c">4176</subfield>
    <subfield code="d">4176</subfield>
  </datafield>
  <datafield tag="952" ind1=" " ind2=" ">
    <subfield code="0">0</subfield>
    <subfield code="1">0</subfield>
    <subfield code="2">ddc</subfield>
    <subfield code="3">Fast Cataloged Item</subfield>
    <subfield code="4">0</subfield>
    <subfield code="6">610_300000000000000</subfield>
    <subfield code="7">0</subfield>
    <subfield code="9">5263</subfield>
    <subfield code="a">HELPR</subfield>
    <subfield code="b">HELPR</subfield>
    <subfield code="d">2023-02-25</subfield>
    <subfield code="l">0</subfield>
    <subfield code="o">610.3</subfield>
    <subfield code="p">0000010008157</subfield>
    <subfield code="r">2023-02-25</subfield>
    <subfield code="w">2023-02-25</subfield>
    <subfield code="y">MONO</subfield>
    <subfield code="f"></subfield>
  </datafield>
  <datafield tag="952" ind1=" " ind2=" ">
    <subfield code="0">0</subfield>
    <subfield code="1">0</subfield>
    <subfield code="2">ddc</subfield>
    <subfield code="3">Fast Cataloged Item</subfield>
    <subfield code="4">0</subfield>
    <subfield code="6">610_300000000000000</subfield>
    <subfield code="7">0</subfield>
    <subfield code="9">5264</subfield>
    <subfield code="a">HELPR</subfield>
    <subfield code="b">HELPR</subfield>
    <subfield code="d">2023-02-25</subfield>
    <subfield code="l">0</subfield>
    <subfield code="o">610.3</subfield>
    <subfield code="p">0000010008164</subfield>
    <subfield code="r">2023-02-25</subfield>
    <subfield code="w">2023-02-25</subfield>
    <subfield code="y">MONO</subfield>
    <subfield code="f"></subfield>
  </datafield>
  <datafield tag="952" ind1=" " ind2=" ">
    <subfield code="0">0</subfield>
    <subfield code="1">0</subfield>
    <subfield code="2">ddc</subfield>
    <subfield code="3">Fast Cataloged Item</subfield>
    <subfield code="4">0</subfield>
    <subfield code="6">610_300000000000000</subfield>
    <subfield code="7">0</subfield>
    <subfield code="9">5265</subfield>
    <subfield code="a">HELPR</subfield>
    <subfield code="b">HELPR</subfield>
    <subfield code="d">2023-02-25</subfield>
    <subfield code="l">0</subfield>
    <subfield code="o">610.3</subfield>
    <subfield code="p">0000010008171</subfield>
    <subfield code="r">2023-02-25</subfield>
    <subfield code="w">2023-02-25</subfield>
    <subfield code="y">MONO</subfield>
    <subfield code="f"></subfield>
  </datafield>
  <datafield tag="952" ind1=" " ind2=" ">
    <subfield code="0">0</subfield>
    <subfield code="1">0</subfield>
    <subfield code="2">ddc</subfield>
    <subfield code="3">Fast Cataloged Item</subfield>
    <subfield code="4">0</subfield>
    <subfield code="6">610_300000000000000</subfield>
    <subfield code="7">0</subfield>
    <subfield code="9">5266</subfield>
    <subfield code="a">HELPR</subfield>
    <subfield code="b">HELPR</subfield>
    <subfield code="d">2023-02-25</subfield>
    <subfield code="l">0</subfield>
    <subfield code="o">610.3</subfield>
    <subfield code="p">0000010008188</subfield>
    <subfield code="r">2023-02-25</subfield>
    <subfield code="w">2023-02-25</subfield>
    <subfield code="y">MONO</subfield>
    <subfield code="f"></subfield>
  </datafield>
  <datafield tag="952" ind1=" " ind2=" ">
    <subfield code="0">0</subfield>
    <subfield code="1">0</subfield>
    <subfield code="2">ddc</subfield>
    <subfield code="3">Fast Cataloged Item</subfield>
    <subfield code="4">0</subfield>
    <subfield code="6">610_300000000000000</subfield>
    <subfield code="7">0</subfield>
    <subfield code="9">5267</subfield>
    <subfield code="a">HELPR</subfield>
    <subfield code="b">HELPR</subfield>
    <subfield code="d">2023-02-25</subfield>
    <subfield code="l">0</subfield>
    <subfield code="o">610.3</subfield>
    <subfield code="p">0000010008195</subfield>
    <subfield code="r">2023-02-25</subfield>
    <subfield code="w">2023-02-25</subfield>
    <subfield code="y">MONO</subfield>
    <subfield code="f"></subfield>
  </datafield>
  <datafield tag="952" ind1=" " ind2=" ">
    <subfield code="0">0</subfield>
    <subfield code="1">0</subfield>
    <subfield code="2">ddc</subfield>
    <subfield code="3">Fast Cataloged Item</subfield>
    <subfield code="4">0</subfield>
    <subfield code="6">610_300000000000000</subfield>
    <subfield code="7">0</subfield>
    <subfield code="9">5268</subfield>
    <subfield code="a">HELPR</subfield>
    <subfield code="b">HELPR</subfield>
    <subfield code="d">2023-02-25</subfield>
    <subfield code="l">0</subfield>
    <subfield code="o">610.3</subfield>
    <subfield code="p">0000010008201</subfield>
    <subfield code="r">2023-02-25</subfield>
    <subfield code="w">2023-02-25</subfield>
    <subfield code="y">MONO</subfield>
    <subfield code="f"></subfield>
  </datafield>
  <datafield tag="952" ind1=" " ind2=" ">
    <subfield code="0">0</subfield>
    <subfield code="1">0</subfield>
    <subfield code="2">ddc</subfield>
    <subfield code="3">Fast Cataloged Item</subfield>
    <subfield code="4">0</subfield>
    <subfield code="6">610_300000000000000</subfield>
    <subfield code="7">0</subfield>
    <subfield code="9">5269</subfield>
    <subfield code="a">HELPR</subfield>
    <subfield code="b">HELPR</subfield>
    <subfield code="d">2023-02-25</subfield>
    <subfield code="l">0</subfield>
    <subfield code="o">610.3</subfield>
    <subfield code="p">0000010008218</subfield>
    <subfield code="r">2023-02-25</subfield>
    <subfield code="w">2023-02-25</subfield>
    <subfield code="y">MONO</subfield>
    <subfield code="f"></subfield>
  </datafield>
</record>