

<record>
  <leader>00239nam a22000977a 4500</leader>
  <datafield tag="020" ind1=" " ind2=" ">
    <subfield code="a"> 000 21 55</subfield>
  </datafield>
  <datafield tag="092" ind1=" " ind2=" ">
    <subfield code="a">610</subfield>
  </datafield>
  <datafield tag="100" ind1=" " ind2=" ">
    <subfield code="a">Cara and Poisvert</subfield>
  </datafield>
  <datafield tag="245" ind1=" " ind2=" ">
    <subfield code="a"> Premiers secours dans les detresses respiratoires </subfield>
    <subfield code="c">Masson et cie </subfield>
  </datafield>
  <datafield tag="942" ind1=" " ind2=" ">
    <subfield code="c">MONO</subfield>
  </datafield>
  <datafield tag="999" ind1=" " ind2=" ">
    <subfield code="c">4188</subfield>
    <subfield code="d">4188</subfield>
  </datafield>
  <datafield tag="952" ind1=" " ind2=" ">
    <subfield code="0">0</subfield>
    <subfield code="1">0</subfield>
    <subfield code="2">ddc</subfield>
    <subfield code="3">Fast Cataloged Item</subfield>
    <subfield code="4">0</subfield>
    <subfield code="6">610_000000000000000</subfield>
    <subfield code="7">0</subfield>
    <subfield code="9">5284</subfield>
    <subfield code="a">HELPR</subfield>
    <subfield code="b">HELPR</subfield>
    <subfield code="d">2023-02-25</subfield>
    <subfield code="l">0</subfield>
    <subfield code="o">610</subfield>
    <subfield code="p">0000010008362</subfield>
    <subfield code="r">2023-02-25</subfield>
    <subfield code="w">2023-02-25</subfield>
    <subfield code="y">MONO</subfield>
    <subfield code="f"></subfield>
  </datafield>
</record>