

<record>
  <leader>00283nam a22000977a 4500</leader>
  <datafield tag="020" ind1=" " ind2=" ">
    <subfield code="a">978 2 294 70 15 28</subfield>
  </datafield>
  <datafield tag="092" ind1=" " ind2=" ">
    <subfield code="a">618.1</subfield>
  </datafield>
  <datafield tag="100" ind1=" " ind2=" ">
    <subfield code="a">Georges Sadoul, Jean-Louis Benifla, Therese Beuret-Sadoul et Patrick Madelenat</subfield>
  </datafield>
  <datafield tag="245" ind1=" " ind2=" ">
    <subfield code="a">Atlas de Gynecologie </subfield>
    <subfield code="c">ELSERVIER/ MASSON</subfield>
  </datafield>
  <datafield tag="942" ind1=" " ind2=" ">
    <subfield code="c">MONO</subfield>
  </datafield>
  <datafield tag="999" ind1=" " ind2=" ">
    <subfield code="c">4205</subfield>
    <subfield code="d">4205</subfield>
  </datafield>
  <datafield tag="952" ind1=" " ind2=" ">
    <subfield code="0">0</subfield>
    <subfield code="1">0</subfield>
    <subfield code="2">ddc</subfield>
    <subfield code="3">Fast Cataloged Item</subfield>
    <subfield code="4">0</subfield>
    <subfield code="6">618_100000000000000</subfield>
    <subfield code="7">0</subfield>
    <subfield code="9">5305</subfield>
    <subfield code="a">HELPR</subfield>
    <subfield code="b">HELPR</subfield>
    <subfield code="d">2023-03-07</subfield>
    <subfield code="l">0</subfield>
    <subfield code="o">618.1</subfield>
    <subfield code="p">0000010008577</subfield>
    <subfield code="r">2023-03-07</subfield>
    <subfield code="w">2023-03-07</subfield>
    <subfield code="y">MONO</subfield>
    <subfield code="f"></subfield>
  </datafield>
</record>