

<record>
  <leader>00257nam a22000977a 4500</leader>
  <datafield tag="020" ind1=" " ind2=" ">
    <subfield code="a"> 07 216 12 27 x</subfield>
  </datafield>
  <datafield tag="092" ind1=" " ind2=" ">
    <subfield code="a">618</subfield>
  </datafield>
  <datafield tag="100" ind1=" " ind2=" ">
    <subfield code="a">Neville F. Hacker and George Moore</subfield>
  </datafield>
  <datafield tag="245" ind1=" " ind2=" ">
    <subfield code="a"> Essentials of obsterics and Gynecology</subfield>
    <subfield code="c"> W.B. Saunders company</subfield>
  </datafield>
  <datafield tag="942" ind1=" " ind2=" ">
    <subfield code="c">MONO</subfield>
  </datafield>
  <datafield tag="999" ind1=" " ind2=" ">
    <subfield code="c">4227</subfield>
    <subfield code="d">4227</subfield>
  </datafield>
  <datafield tag="952" ind1=" " ind2=" ">
    <subfield code="0">0</subfield>
    <subfield code="1">0</subfield>
    <subfield code="2">ddc</subfield>
    <subfield code="3">Fast Cataloged Item</subfield>
    <subfield code="4">0</subfield>
    <subfield code="6">618_000000000000000</subfield>
    <subfield code="7">0</subfield>
    <subfield code="9">5335</subfield>
    <subfield code="a">HELPR</subfield>
    <subfield code="b">HELPR</subfield>
    <subfield code="d">2023-03-07</subfield>
    <subfield code="l">0</subfield>
    <subfield code="o">618</subfield>
    <subfield code="p">0000010008874</subfield>
    <subfield code="r">2023-03-07</subfield>
    <subfield code="w">2023-03-07</subfield>
    <subfield code="y">MONO</subfield>
    <subfield code="f"></subfield>
  </datafield>
</record>