

<record>
  <leader>00212nam a22000977a 4500</leader>
  <datafield tag="020" ind1=" " ind2=" ">
    <subfield code="a">2-7613-1292-9</subfield>
  </datafield>
  <datafield tag="092" ind1=" " ind2=" ">
    <subfield code="a">657.044</subfield>
  </datafield>
  <datafield tag="100" ind1=" " ind2=" ">
    <subfield code="a">Chlala &amp; Ménard</subfield>
  </datafield>
  <datafield tag="245" ind1=" " ind2=" ">
    <subfield code="a">Comptabilité Intermédiaire</subfield>
    <subfield code="c">ERPI</subfield>
  </datafield>
  <datafield tag="942" ind1=" " ind2=" ">
    <subfield code="c">MONO</subfield>
  </datafield>
  <datafield tag="999" ind1=" " ind2=" ">
    <subfield code="c">4237</subfield>
    <subfield code="d">4237</subfield>
  </datafield>
  <datafield tag="952" ind1=" " ind2=" ">
    <subfield code="0">0</subfield>
    <subfield code="1">0</subfield>
    <subfield code="2">ddc</subfield>
    <subfield code="3">Fast Cataloged Item</subfield>
    <subfield code="4">0</subfield>
    <subfield code="6">657_044000000000000</subfield>
    <subfield code="7">0</subfield>
    <subfield code="9">5349</subfield>
    <subfield code="a">HELPR</subfield>
    <subfield code="b">HELPR</subfield>
    <subfield code="d">2023-03-08</subfield>
    <subfield code="l">0</subfield>
    <subfield code="o">657.044</subfield>
    <subfield code="p">0000010009017</subfield>
    <subfield code="r">2023-03-08</subfield>
    <subfield code="w">2023-03-08</subfield>
    <subfield code="y">MONO</subfield>
    <subfield code="f"></subfield>
  </datafield>
  <datafield tag="952" ind1=" " ind2=" ">
    <subfield code="0">0</subfield>
    <subfield code="1">0</subfield>
    <subfield code="2">ddc</subfield>
    <subfield code="3">Fast Cataloged Item</subfield>
    <subfield code="4">0</subfield>
    <subfield code="6">657_044000000000000</subfield>
    <subfield code="7">0</subfield>
    <subfield code="9">5350</subfield>
    <subfield code="a">HELPR</subfield>
    <subfield code="b">HELPR</subfield>
    <subfield code="d">2023-03-08</subfield>
    <subfield code="l">0</subfield>
    <subfield code="o">657.044</subfield>
    <subfield code="p">0000010009024</subfield>
    <subfield code="r">2023-03-08</subfield>
    <subfield code="w">2023-03-08</subfield>
    <subfield code="y">MONO</subfield>
    <subfield code="f"></subfield>
  </datafield>
</record>