

<record>
  <leader>00276nam a22000977a 4500</leader>
  <datafield tag="020" ind1=" " ind2=" ">
    <subfield code="a">2-553-00779-5</subfield>
  </datafield>
  <datafield tag="092" ind1=" " ind2=" ">
    <subfield code="a">620.003</subfield>
  </datafield>
  <datafield tag="100" ind1=" " ind2=" ">
    <subfield code="a">Mahomed O. Bouna-Aly,ING.</subfield>
  </datafield>
  <datafield tag="245" ind1=" " ind2=" ">
    <subfield code="a">Dictionnaire du Génie et des sciences de la Terre</subfield>
    <subfield code="c">Presses Internationales Polytechnique</subfield>
  </datafield>
  <datafield tag="942" ind1=" " ind2=" ">
    <subfield code="c">MONO</subfield>
  </datafield>
  <datafield tag="999" ind1=" " ind2=" ">
    <subfield code="c">4314</subfield>
    <subfield code="d">4314</subfield>
  </datafield>
  <datafield tag="952" ind1=" " ind2=" ">
    <subfield code="0">0</subfield>
    <subfield code="1">0</subfield>
    <subfield code="2">ddc</subfield>
    <subfield code="3">Fast Cataloged Item</subfield>
    <subfield code="4">0</subfield>
    <subfield code="6">620_003000000000000</subfield>
    <subfield code="7">0</subfield>
    <subfield code="9">5442</subfield>
    <subfield code="a">HELPR</subfield>
    <subfield code="b">HELPR</subfield>
    <subfield code="d">2023-03-13</subfield>
    <subfield code="l">0</subfield>
    <subfield code="o">620.003</subfield>
    <subfield code="p">0000010009949</subfield>
    <subfield code="r">2023-03-13</subfield>
    <subfield code="w">2023-03-13</subfield>
    <subfield code="y">MONO</subfield>
    <subfield code="f"></subfield>
  </datafield>
</record>