

<record>
  <leader>00239nam a22000977a 4500</leader>
  <datafield tag="020" ind1=" " ind2=" ">
    <subfield code="a">978 2 294 08 56 2</subfield>
  </datafield>
  <datafield tag="092" ind1=" " ind2=" ">
    <subfield code="a">611.7</subfield>
  </datafield>
  <datafield tag="100" ind1=" " ind2=" ">
    <subfield code="a">Michel Dufour </subfield>
  </datafield>
  <datafield tag="245" ind1=" " ind2=" ">
    <subfield code="a">Anatomie de l'appareil Locomoteur / Membre superieur </subfield>
    <subfield code="c">Masson</subfield>
  </datafield>
  <datafield tag="942" ind1=" " ind2=" ">
    <subfield code="c">MONO</subfield>
  </datafield>
  <datafield tag="999" ind1=" " ind2=" ">
    <subfield code="c">4340</subfield>
    <subfield code="d">4340</subfield>
  </datafield>
  <datafield tag="952" ind1=" " ind2=" ">
    <subfield code="0">0</subfield>
    <subfield code="1">0</subfield>
    <subfield code="2">ddc</subfield>
    <subfield code="3">Fast Cataloged Item</subfield>
    <subfield code="4">0</subfield>
    <subfield code="6">611_700000000000000</subfield>
    <subfield code="7">0</subfield>
    <subfield code="9">5476</subfield>
    <subfield code="a">HELPR</subfield>
    <subfield code="b">HELPR</subfield>
    <subfield code="d">2023-03-14</subfield>
    <subfield code="l">0</subfield>
    <subfield code="o">611.7</subfield>
    <subfield code="p">0000010010280</subfield>
    <subfield code="r">2023-03-14</subfield>
    <subfield code="w">2023-03-14</subfield>
    <subfield code="y">MONO</subfield>
    <subfield code="f"></subfield>
  </datafield>
  <datafield tag="952" ind1=" " ind2=" ">
    <subfield code="0">0</subfield>
    <subfield code="1">0</subfield>
    <subfield code="2">ddc</subfield>
    <subfield code="3">Fast Cataloged Item</subfield>
    <subfield code="4">0</subfield>
    <subfield code="6">611_700000000000000</subfield>
    <subfield code="7">0</subfield>
    <subfield code="9">5477</subfield>
    <subfield code="a">HELPR</subfield>
    <subfield code="b">HELPR</subfield>
    <subfield code="d">2023-03-14</subfield>
    <subfield code="l">0</subfield>
    <subfield code="o">611.7</subfield>
    <subfield code="p">0000010010297</subfield>
    <subfield code="r">2023-03-14</subfield>
    <subfield code="w">2023-03-14</subfield>
    <subfield code="y">MONO</subfield>
    <subfield code="f"></subfield>
  </datafield>
  <datafield tag="952" ind1=" " ind2=" ">
    <subfield code="0">0</subfield>
    <subfield code="1">0</subfield>
    <subfield code="2">ddc</subfield>
    <subfield code="3">Fast Cataloged Item</subfield>
    <subfield code="4">0</subfield>
    <subfield code="6">611_700000000000000</subfield>
    <subfield code="7">0</subfield>
    <subfield code="9">5478</subfield>
    <subfield code="a">HELPR</subfield>
    <subfield code="b">HELPR</subfield>
    <subfield code="d">2023-03-14</subfield>
    <subfield code="l">0</subfield>
    <subfield code="o">611.7</subfield>
    <subfield code="p">0000010010303</subfield>
    <subfield code="r">2023-03-14</subfield>
    <subfield code="w">2023-03-14</subfield>
    <subfield code="y">MONO</subfield>
    <subfield code="f"></subfield>
  </datafield>
</record>