

<record>
  <leader>00287nam a22000977a 4500</leader>
  <datafield tag="020" ind1=" " ind2=" ">
    <subfield code="a">978-2-88074-724-4</subfield>
  </datafield>
  <datafield tag="092" ind1=" " ind2=" ">
    <subfield code="a">627.5</subfield>
  </datafield>
  <datafield tag="100" ind1=" " ind2=" ">
    <subfield code="a">Marc Soutter, André Mermoud &amp; André Musy</subfield>
  </datafield>
  <datafield tag="245" ind1=" " ind2=" ">
    <subfield code="a">Ingénierie des eaux et du sol</subfield>
    <subfield code="c">Presses Polytechniques et Universitaires Romandes</subfield>
  </datafield>
  <datafield tag="942" ind1=" " ind2=" ">
    <subfield code="c">MONO</subfield>
  </datafield>
  <datafield tag="999" ind1=" " ind2=" ">
    <subfield code="c">4343</subfield>
    <subfield code="d">4343</subfield>
  </datafield>
  <datafield tag="952" ind1=" " ind2=" ">
    <subfield code="0">0</subfield>
    <subfield code="1">0</subfield>
    <subfield code="2">ddc</subfield>
    <subfield code="3">Fast Cataloged Item</subfield>
    <subfield code="4">0</subfield>
    <subfield code="6">627_500000000000000</subfield>
    <subfield code="7">0</subfield>
    <subfield code="9">5481</subfield>
    <subfield code="a">HELPR</subfield>
    <subfield code="b">HELPR</subfield>
    <subfield code="d">2023-03-14</subfield>
    <subfield code="l">0</subfield>
    <subfield code="o">627.5</subfield>
    <subfield code="p">0000010010334</subfield>
    <subfield code="r">2023-03-14</subfield>
    <subfield code="w">2023-03-14</subfield>
    <subfield code="y">MONO</subfield>
    <subfield code="f"></subfield>
  </datafield>
</record>