

<record>
  <leader>00267nam a22000977a 4500</leader>
  <datafield tag="020" ind1=" " ind2=" ">
    <subfield code="a">2-85978-125-0</subfield>
  </datafield>
  <datafield tag="092" ind1=" " ind2=" ">
    <subfield code="a">624.15</subfield>
  </datafield>
  <datafield tag="100" ind1=" " ind2=" ">
    <subfield code="a">François Schlosser</subfield>
  </datafield>
  <datafield tag="245" ind1=" " ind2=" ">
    <subfield code="a">Exercices de mécanique des sols</subfield>
    <subfield code="c">Presses de l'école nationale des Ponts et chaussées</subfield>
  </datafield>
  <datafield tag="942" ind1=" " ind2=" ">
    <subfield code="c">MONO</subfield>
  </datafield>
  <datafield tag="999" ind1=" " ind2=" ">
    <subfield code="c">4447</subfield>
    <subfield code="d">4447</subfield>
  </datafield>
  <datafield tag="952" ind1=" " ind2=" ">
    <subfield code="0">0</subfield>
    <subfield code="1">0</subfield>
    <subfield code="2">ddc</subfield>
    <subfield code="3">Fast Cataloged Item</subfield>
    <subfield code="4">0</subfield>
    <subfield code="6">624_150000000000000</subfield>
    <subfield code="7">0</subfield>
    <subfield code="9">5620</subfield>
    <subfield code="a">HELPR</subfield>
    <subfield code="b">HELPR</subfield>
    <subfield code="d">2023-03-19</subfield>
    <subfield code="l">0</subfield>
    <subfield code="o">624.15</subfield>
    <subfield code="p">0000010011720</subfield>
    <subfield code="r">2023-03-19</subfield>
    <subfield code="w">2023-03-19</subfield>
    <subfield code="y">MONO</subfield>
    <subfield code="f"></subfield>
  </datafield>
</record>