

<record>
  <leader>00261nam a22000977a 4500</leader>
  <datafield tag="020" ind1=" " ind2=" ">
    <subfield code="a"> 2 72 98 96 37 6 </subfield>
  </datafield>
  <datafield tag="092" ind1=" " ind2=" ">
    <subfield code="a">610</subfield>
  </datafield>
  <datafield tag="100" ind1=" " ind2=" ">
    <subfield code="a">Morand, Koeppel et Sayag </subfield>
  </datafield>
  <datafield tag="245" ind1=" " ind2=" ">
    <subfield code="a"> Guide illustré de diagnostic en Dermatologie  et Venereologie </subfield>
    <subfield code="c">Ellipses</subfield>
  </datafield>
  <datafield tag="942" ind1=" " ind2=" ">
    <subfield code="c">MONO</subfield>
  </datafield>
  <datafield tag="999" ind1=" " ind2=" ">
    <subfield code="c">4448</subfield>
    <subfield code="d">4448</subfield>
  </datafield>
  <datafield tag="952" ind1=" " ind2=" ">
    <subfield code="0">0</subfield>
    <subfield code="1">0</subfield>
    <subfield code="2">ddc</subfield>
    <subfield code="3">Fast Cataloged Item</subfield>
    <subfield code="4">0</subfield>
    <subfield code="6">610_000000000000000</subfield>
    <subfield code="7">0</subfield>
    <subfield code="9">5621</subfield>
    <subfield code="a">HELPR</subfield>
    <subfield code="b">HELPR</subfield>
    <subfield code="d">2023-03-19</subfield>
    <subfield code="l">0</subfield>
    <subfield code="o">610</subfield>
    <subfield code="p">0000010011737</subfield>
    <subfield code="r">2023-03-19</subfield>
    <subfield code="w">2023-03-19</subfield>
    <subfield code="y">MONO</subfield>
    <subfield code="f"></subfield>
  </datafield>
</record>