

<record>
  <leader>00238nam a22000977a 4500</leader>
  <datafield tag="020" ind1=" " ind2=" ">
    <subfield code="a">0805346 35X</subfield>
  </datafield>
  <datafield tag="092" ind1=" " ind2=" ">
    <subfield code="a">575.2</subfield>
  </datafield>
  <datafield tag="100" ind1=" " ind2=" ">
    <subfield code="a">Watson, Baker, Bell, Gann, Levine &amp; Losick</subfield>
  </datafield>
  <datafield tag="245" ind1=" " ind2=" ">
    <subfield code="a">Molecular Biology of the Gene</subfield>
    <subfield code="c">Pearson</subfield>
  </datafield>
  <datafield tag="942" ind1=" " ind2=" ">
    <subfield code="c">MONO</subfield>
  </datafield>
  <datafield tag="999" ind1=" " ind2=" ">
    <subfield code="c">4482</subfield>
    <subfield code="d">4482</subfield>
  </datafield>
  <datafield tag="952" ind1=" " ind2=" ">
    <subfield code="0">0</subfield>
    <subfield code="1">0</subfield>
    <subfield code="2">ddc</subfield>
    <subfield code="3">Fast Cataloged Item</subfield>
    <subfield code="4">0</subfield>
    <subfield code="6">575_200000000000000</subfield>
    <subfield code="7">0</subfield>
    <subfield code="9">5662</subfield>
    <subfield code="a">HELPR</subfield>
    <subfield code="b">HELPR</subfield>
    <subfield code="d">2023-03-21</subfield>
    <subfield code="l">0</subfield>
    <subfield code="o">575.2</subfield>
    <subfield code="p">0000010012147</subfield>
    <subfield code="r">2023-03-21</subfield>
    <subfield code="w">2023-03-21</subfield>
    <subfield code="y">MONO</subfield>
    <subfield code="f"></subfield>
  </datafield>
  <datafield tag="952" ind1=" " ind2=" ">
    <subfield code="0">0</subfield>
    <subfield code="1">0</subfield>
    <subfield code="2">ddc</subfield>
    <subfield code="3">Fast Cataloged Item</subfield>
    <subfield code="4">0</subfield>
    <subfield code="6">575_200000000000000</subfield>
    <subfield code="7">0</subfield>
    <subfield code="9">5663</subfield>
    <subfield code="a">HELPR</subfield>
    <subfield code="b">HELPR</subfield>
    <subfield code="d">2023-03-21</subfield>
    <subfield code="l">0</subfield>
    <subfield code="o">575.2</subfield>
    <subfield code="p">0000010012154</subfield>
    <subfield code="r">2023-03-21</subfield>
    <subfield code="w">2023-03-21</subfield>
    <subfield code="y">MONO</subfield>
    <subfield code="f"></subfield>
  </datafield>
  <datafield tag="952" ind1=" " ind2=" ">
    <subfield code="0">0</subfield>
    <subfield code="1">0</subfield>
    <subfield code="2">ddc</subfield>
    <subfield code="3">Fast Cataloged Item</subfield>
    <subfield code="4">0</subfield>
    <subfield code="6">575_200000000000000</subfield>
    <subfield code="7">0</subfield>
    <subfield code="9">5664</subfield>
    <subfield code="a">HELPR</subfield>
    <subfield code="b">HELPR</subfield>
    <subfield code="d">2023-03-21</subfield>
    <subfield code="l">0</subfield>
    <subfield code="o">575.2</subfield>
    <subfield code="p">0000010012161</subfield>
    <subfield code="r">2023-03-21</subfield>
    <subfield code="w">2023-03-21</subfield>
    <subfield code="y">MONO</subfield>
    <subfield code="f"></subfield>
  </datafield>
</record>