

<record>
  <leader>00218nam a22000977a 4500</leader>
  <datafield tag="020" ind1=" " ind2=" ">
    <subfield code="a">978-2-7540-0554-8</subfield>
  </datafield>
  <datafield tag="092" ind1=" " ind2=" ">
    <subfield code="a">577</subfield>
  </datafield>
  <datafield tag="100" ind1=" " ind2=" ">
    <subfield code="a">Franck Courchamp</subfield>
  </datafield>
  <datafield tag="245" ind1=" " ind2=" ">
    <subfield code="a">L'ecologie pour les nuls</subfield>
    <subfield code="c">Editions First</subfield>
  </datafield>
  <datafield tag="942" ind1=" " ind2=" ">
    <subfield code="c">MONO</subfield>
  </datafield>
  <datafield tag="999" ind1=" " ind2=" ">
    <subfield code="c">4494</subfield>
    <subfield code="d">4494</subfield>
  </datafield>
  <datafield tag="952" ind1=" " ind2=" ">
    <subfield code="0">0</subfield>
    <subfield code="1">0</subfield>
    <subfield code="2">ddc</subfield>
    <subfield code="3">Fast Cataloged Item</subfield>
    <subfield code="4">0</subfield>
    <subfield code="6">577_000000000000000</subfield>
    <subfield code="7">0</subfield>
    <subfield code="9">5683</subfield>
    <subfield code="a">HELPR</subfield>
    <subfield code="b">HELPR</subfield>
    <subfield code="d">2023-03-21</subfield>
    <subfield code="l">0</subfield>
    <subfield code="o">577</subfield>
    <subfield code="p">0000010012352</subfield>
    <subfield code="r">2023-03-21</subfield>
    <subfield code="w">2023-03-21</subfield>
    <subfield code="y">MONO</subfield>
    <subfield code="f"></subfield>
  </datafield>
  <datafield tag="952" ind1=" " ind2=" ">
    <subfield code="0">0</subfield>
    <subfield code="1">0</subfield>
    <subfield code="2">ddc</subfield>
    <subfield code="3">Fast Cataloged Item</subfield>
    <subfield code="4">0</subfield>
    <subfield code="6">577_000000000000000</subfield>
    <subfield code="7">0</subfield>
    <subfield code="9">5684</subfield>
    <subfield code="a">HELPR</subfield>
    <subfield code="b">HELPR</subfield>
    <subfield code="d">2023-03-21</subfield>
    <subfield code="l">0</subfield>
    <subfield code="o">577</subfield>
    <subfield code="p">0000010012369</subfield>
    <subfield code="r">2023-03-21</subfield>
    <subfield code="w">2023-03-21</subfield>
    <subfield code="y">MONO</subfield>
    <subfield code="f"></subfield>
  </datafield>
</record>