

<record>
  <leader>00274nam a22000977a 4500</leader>
  <datafield tag="020" ind1=" " ind2=" ">
    <subfield code="a">978 0 3879 2212 6</subfield>
  </datafield>
  <datafield tag="092" ind1=" " ind2=" ">
    <subfield code="a">579.17</subfield>
  </datafield>
  <datafield tag="100" ind1=" " ind2=" ">
    <subfield code="a"> Rodrick, Deborah et Robert </subfield>
  </datafield>
  <datafield tag="245" ind1=" " ind2=" ">
    <subfield code="a"> Farming Human Pathogens Ecological Resilience and Evolutionary Process</subfield>
    <subfield code="c">Springer</subfield>
  </datafield>
  <datafield tag="942" ind1=" " ind2=" ">
    <subfield code="c">MONO</subfield>
  </datafield>
  <datafield tag="999" ind1=" " ind2=" ">
    <subfield code="c">4496</subfield>
    <subfield code="d">4496</subfield>
  </datafield>
  <datafield tag="952" ind1=" " ind2=" ">
    <subfield code="0">0</subfield>
    <subfield code="1">0</subfield>
    <subfield code="2">ddc</subfield>
    <subfield code="3">Fast Cataloged Item</subfield>
    <subfield code="4">0</subfield>
    <subfield code="6">579_170000000000000</subfield>
    <subfield code="7">0</subfield>
    <subfield code="9">5686</subfield>
    <subfield code="a">HELPR</subfield>
    <subfield code="b">HELPR</subfield>
    <subfield code="d">2023-03-22</subfield>
    <subfield code="l">0</subfield>
    <subfield code="o">579.17</subfield>
    <subfield code="p">0000010012383</subfield>
    <subfield code="r">2023-03-22</subfield>
    <subfield code="w">2023-03-22</subfield>
    <subfield code="y">MONO</subfield>
    <subfield code="f"></subfield>
  </datafield>
</record>