

<record>
  <leader>00262nam a22000977a 4500</leader>
  <datafield tag="020" ind1=" " ind2=" ">
    <subfield code="a">071 67 3136 3</subfield>
  </datafield>
  <datafield tag="092" ind1=" " ind2=" ">
    <subfield code="a">572</subfield>
  </datafield>
  <datafield tag="100" ind1=" " ind2=" ">
    <subfield code="a">Lodish, Berk, Zipursky, Matsudaira. Baltimore &amp; Darnell</subfield>
  </datafield>
  <datafield tag="245" ind1=" " ind2=" ">
    <subfield code="a">Molecular Cell Biology</subfield>
    <subfield code="c">W. H. Freeman and Company</subfield>
  </datafield>
  <datafield tag="942" ind1=" " ind2=" ">
    <subfield code="c">MONO</subfield>
  </datafield>
  <datafield tag="999" ind1=" " ind2=" ">
    <subfield code="c">4515</subfield>
    <subfield code="d">4515</subfield>
  </datafield>
  <datafield tag="952" ind1=" " ind2=" ">
    <subfield code="0">0</subfield>
    <subfield code="1">0</subfield>
    <subfield code="2">ddc</subfield>
    <subfield code="3">Fast Cataloged Item</subfield>
    <subfield code="4">0</subfield>
    <subfield code="6">572_000000000000000</subfield>
    <subfield code="7">0</subfield>
    <subfield code="9">5711</subfield>
    <subfield code="a">HELPR</subfield>
    <subfield code="b">HELPR</subfield>
    <subfield code="d">2023-03-22</subfield>
    <subfield code="l">0</subfield>
    <subfield code="o">572</subfield>
    <subfield code="p">0000010012635</subfield>
    <subfield code="r">2023-03-22</subfield>
    <subfield code="w">2023-03-22</subfield>
    <subfield code="y">MONO</subfield>
    <subfield code="f"></subfield>
  </datafield>
</record>