

<record>
  <leader>00258nam a22000977a 4500</leader>
  <datafield tag="020" ind1=" " ind2=" ">
    <subfield code="a">0 88133 556 8</subfield>
  </datafield>
  <datafield tag="092" ind1=" " ind2=" ">
    <subfield code="a">574.1928</subfield>
  </datafield>
  <datafield tag="100" ind1=" " ind2=" ">
    <subfield code="a">John F. Robyt &amp; Bernard J. White</subfield>
  </datafield>
  <datafield tag="245" ind1=" " ind2=" ">
    <subfield code="a">Biochemical techniques theory and practice</subfield>
    <subfield code="c">Waveland press Inc.</subfield>
  </datafield>
  <datafield tag="942" ind1=" " ind2=" ">
    <subfield code="c">MONO</subfield>
  </datafield>
  <datafield tag="999" ind1=" " ind2=" ">
    <subfield code="c">4557</subfield>
    <subfield code="d">4557</subfield>
  </datafield>
  <datafield tag="952" ind1=" " ind2=" ">
    <subfield code="0">0</subfield>
    <subfield code="1">0</subfield>
    <subfield code="2">ddc</subfield>
    <subfield code="3">Fast Cataloged Item</subfield>
    <subfield code="4">0</subfield>
    <subfield code="6">574_192800000000000</subfield>
    <subfield code="7">0</subfield>
    <subfield code="9">5764</subfield>
    <subfield code="a">HELPR</subfield>
    <subfield code="b">HELPR</subfield>
    <subfield code="d">2023-03-23</subfield>
    <subfield code="l">0</subfield>
    <subfield code="o">574.1928</subfield>
    <subfield code="p">0000010013168</subfield>
    <subfield code="r">2023-03-23</subfield>
    <subfield code="w">2023-03-23</subfield>
    <subfield code="y">MONO</subfield>
    <subfield code="f"></subfield>
  </datafield>
</record>