

<record>
  <leader>00283nam a22000977a 4500</leader>
  <datafield tag="020" ind1=" " ind2=" ">
    <subfield code="a">2-89105-662-0</subfield>
  </datafield>
  <datafield tag="092" ind1=" " ind2=" ">
    <subfield code="a">519.5</subfield>
  </datafield>
  <datafield tag="100" ind1=" " ind2=" ">
    <subfield code="a">Gilles Grenon &amp; Suzanne Viau</subfield>
  </datafield>
  <datafield tag="245" ind1=" " ind2=" ">
    <subfield code="a">Statistique appliquée / Initiation à l'analyse des données statistiques</subfield>
    <subfield code="c">Gaëtan Morin Itée</subfield>
  </datafield>
  <datafield tag="942" ind1=" " ind2=" ">
    <subfield code="c">MONO</subfield>
  </datafield>
  <datafield tag="999" ind1=" " ind2=" ">
    <subfield code="c">4566</subfield>
    <subfield code="d">4566</subfield>
  </datafield>
  <datafield tag="952" ind1=" " ind2=" ">
    <subfield code="0">0</subfield>
    <subfield code="1">0</subfield>
    <subfield code="2">ddc</subfield>
    <subfield code="3">Fast Cataloged Item</subfield>
    <subfield code="4">0</subfield>
    <subfield code="6">519_500000000000000</subfield>
    <subfield code="7">0</subfield>
    <subfield code="9">5773</subfield>
    <subfield code="a">HELPR</subfield>
    <subfield code="b">HELPR</subfield>
    <subfield code="d">2023-03-24</subfield>
    <subfield code="l">0</subfield>
    <subfield code="o">519.5</subfield>
    <subfield code="p">0000010013250</subfield>
    <subfield code="r">2023-03-24</subfield>
    <subfield code="w">2023-03-24</subfield>
    <subfield code="y">MONO</subfield>
    <subfield code="f"></subfield>
  </datafield>
</record>