

<record>
  <leader>00270nam a22000977a 4500</leader>
  <datafield tag="020" ind1=" " ind2=" ">
    <subfield code="a">2-257-15123-2</subfield>
  </datafield>
  <datafield tag="092" ind1=" " ind2=" ">
    <subfield code="a">571.6</subfield>
  </datafield>
  <datafield tag="100" ind1=" " ind2=" ">
    <subfield code="a">Alberts, Bray, Hopkin, Johnson, Lewis, Raff, Roberts &amp; Walter</subfield>
  </datafield>
  <datafield tag="245" ind1=" " ind2=" ">
    <subfield code="a">L'essentiel de la biologie cellulaire</subfield>
    <subfield code="c">Flammarion</subfield>
  </datafield>
  <datafield tag="942" ind1=" " ind2=" ">
    <subfield code="c">MONO</subfield>
  </datafield>
  <datafield tag="999" ind1=" " ind2=" ">
    <subfield code="c">4569</subfield>
    <subfield code="d">4569</subfield>
  </datafield>
  <datafield tag="952" ind1=" " ind2=" ">
    <subfield code="0">0</subfield>
    <subfield code="1">0</subfield>
    <subfield code="2">ddc</subfield>
    <subfield code="3">Fast Cataloged Item</subfield>
    <subfield code="4">0</subfield>
    <subfield code="6">571_600000000000000</subfield>
    <subfield code="7">0</subfield>
    <subfield code="9">5776</subfield>
    <subfield code="a">HELPR</subfield>
    <subfield code="b">HELPR</subfield>
    <subfield code="d">2023-03-24</subfield>
    <subfield code="l">0</subfield>
    <subfield code="o">571.6</subfield>
    <subfield code="p">0000010013281</subfield>
    <subfield code="r">2023-03-24</subfield>
    <subfield code="w">2023-03-24</subfield>
    <subfield code="y">MONO</subfield>
    <subfield code="f"></subfield>
  </datafield>
</record>