

<record>
  <leader>00260nam a22000977a 4500</leader>
  <datafield tag="020" ind1=" " ind2=" ">
    <subfield code="a"> 0534 21 06 00</subfield>
  </datafield>
  <datafield tag="092" ind1=" " ind2=" ">
    <subfield code="a">574</subfield>
  </datafield>
  <datafield tag="100" ind1=" " ind2=" ">
    <subfield code="a">Cecile Starr and Ralph Taggart</subfield>
  </datafield>
  <datafield tag="245" ind1=" " ind2=" ">
    <subfield code="a">Biology / The unity and diversity of life</subfield>
    <subfield code="c">Wadsworth publishing company</subfield>
  </datafield>
  <datafield tag="942" ind1=" " ind2=" ">
    <subfield code="c">MONO</subfield>
  </datafield>
  <datafield tag="999" ind1=" " ind2=" ">
    <subfield code="c">4596</subfield>
    <subfield code="d">4596</subfield>
  </datafield>
  <datafield tag="952" ind1=" " ind2=" ">
    <subfield code="0">0</subfield>
    <subfield code="1">0</subfield>
    <subfield code="2">ddc</subfield>
    <subfield code="3">Fast Cataloged Item</subfield>
    <subfield code="4">0</subfield>
    <subfield code="6">574_000000000000000</subfield>
    <subfield code="7">0</subfield>
    <subfield code="9">5811</subfield>
    <subfield code="a">HELPR</subfield>
    <subfield code="b">HELPR</subfield>
    <subfield code="d">2023-03-27</subfield>
    <subfield code="l">0</subfield>
    <subfield code="o">574</subfield>
    <subfield code="p">0000010013632</subfield>
    <subfield code="r">2023-03-27</subfield>
    <subfield code="w">2023-03-27</subfield>
    <subfield code="y">MONO</subfield>
    <subfield code="f"></subfield>
  </datafield>
</record>