

<record>
  <leader>00216nam a22000977a 4500</leader>
  <datafield tag="020" ind1=" " ind2=" ">
    <subfield code="a">978 10 05 0863 1</subfield>
  </datafield>
  <datafield tag="092" ind1=" " ind2=" ">
    <subfield code="a">518</subfield>
  </datafield>
  <datafield tag="100" ind1=" " ind2=" ">
    <subfield code="a">Jean Louis Merrien</subfield>
  </datafield>
  <datafield tag="245" ind1=" " ind2=" ">
    <subfield code="a">Analyse numérique avec matlab</subfield>
    <subfield code="c">DUNOD</subfield>
  </datafield>
  <datafield tag="942" ind1=" " ind2=" ">
    <subfield code="c">MONO</subfield>
  </datafield>
  <datafield tag="999" ind1=" " ind2=" ">
    <subfield code="c">4602</subfield>
    <subfield code="d">4602</subfield>
  </datafield>
  <datafield tag="952" ind1=" " ind2=" ">
    <subfield code="0">0</subfield>
    <subfield code="1">0</subfield>
    <subfield code="2">ddc</subfield>
    <subfield code="3">Fast Cataloged Item</subfield>
    <subfield code="4">0</subfield>
    <subfield code="6">518_000000000000000</subfield>
    <subfield code="7">0</subfield>
    <subfield code="9">5817</subfield>
    <subfield code="a">HELPR</subfield>
    <subfield code="b">HELPR</subfield>
    <subfield code="d">2023-03-27</subfield>
    <subfield code="l">0</subfield>
    <subfield code="o">518</subfield>
    <subfield code="p">0000010013694</subfield>
    <subfield code="r">2023-03-27</subfield>
    <subfield code="w">2023-03-27</subfield>
    <subfield code="y">MONO</subfield>
    <subfield code="f"></subfield>
  </datafield>
  <datafield tag="952" ind1=" " ind2=" ">
    <subfield code="0">0</subfield>
    <subfield code="1">0</subfield>
    <subfield code="2">ddc</subfield>
    <subfield code="3">Fast Cataloged Item</subfield>
    <subfield code="4">0</subfield>
    <subfield code="6">518_000000000000000</subfield>
    <subfield code="7">0</subfield>
    <subfield code="9">5818</subfield>
    <subfield code="a">HELPR</subfield>
    <subfield code="b">HELPR</subfield>
    <subfield code="d">2023-03-27</subfield>
    <subfield code="l">0</subfield>
    <subfield code="o">518</subfield>
    <subfield code="p">0000010013700</subfield>
    <subfield code="r">2023-03-27</subfield>
    <subfield code="w">2023-03-27</subfield>
    <subfield code="y">MONO</subfield>
    <subfield code="f"></subfield>
  </datafield>
</record>