

<record>
  <leader>00223nam a22000977a 4500</leader>
  <datafield tag="020" ind1=" " ind2=" ">
    <subfield code="a">978-2 10 003 223 6</subfield>
  </datafield>
  <datafield tag="092" ind1=" " ind2=" ">
    <subfield code="a">531</subfield>
  </datafield>
  <datafield tag="100" ind1=" " ind2=" ">
    <subfield code="a">P. Agati, Y. Bremont &amp; G. Delville</subfield>
  </datafield>
  <datafield tag="245" ind1=" " ind2=" ">
    <subfield code="a">Mecanique du solide</subfield>
    <subfield code="c">Dunod</subfield>
  </datafield>
  <datafield tag="942" ind1=" " ind2=" ">
    <subfield code="c">MONO</subfield>
  </datafield>
  <datafield tag="999" ind1=" " ind2=" ">
    <subfield code="c">4625</subfield>
    <subfield code="d">4625</subfield>
  </datafield>
  <datafield tag="952" ind1=" " ind2=" ">
    <subfield code="0">0</subfield>
    <subfield code="1">0</subfield>
    <subfield code="2">ddc</subfield>
    <subfield code="3">Fast Cataloged Item</subfield>
    <subfield code="4">0</subfield>
    <subfield code="6">531_000000000000000</subfield>
    <subfield code="7">0</subfield>
    <subfield code="9">5842</subfield>
    <subfield code="a">HELPR</subfield>
    <subfield code="b">HELPR</subfield>
    <subfield code="d">2023-03-29</subfield>
    <subfield code="l">0</subfield>
    <subfield code="o">531</subfield>
    <subfield code="p">0000010013946</subfield>
    <subfield code="r">2023-03-29</subfield>
    <subfield code="w">2023-03-29</subfield>
    <subfield code="y">MONO</subfield>
    <subfield code="f"></subfield>
  </datafield>
</record>