

<record>
  <leader>00199nam a22000977a 4500</leader>
  <datafield tag="020" ind1=" " ind2=" ">
    <subfield code="a">2 10498 35 5</subfield>
  </datafield>
  <datafield tag="092" ind1=" " ind2=" ">
    <subfield code="a">512.0076</subfield>
  </datafield>
  <datafield tag="100" ind1=" " ind2=" ">
    <subfield code="a">Jean-Marie Monier</subfield>
  </datafield>
  <datafield tag="245" ind1=" " ind2=" ">
    <subfield code="a">Algèbre MPSI</subfield>
    <subfield code="c">DUNOD</subfield>
  </datafield>
  <datafield tag="942" ind1=" " ind2=" ">
    <subfield code="c">MONO</subfield>
  </datafield>
  <datafield tag="999" ind1=" " ind2=" ">
    <subfield code="c">4628</subfield>
    <subfield code="d">4628</subfield>
  </datafield>
  <datafield tag="952" ind1=" " ind2=" ">
    <subfield code="0">0</subfield>
    <subfield code="1">0</subfield>
    <subfield code="2">ddc</subfield>
    <subfield code="3">Fast Cataloged Item</subfield>
    <subfield code="4">0</subfield>
    <subfield code="6">512_007600000000000</subfield>
    <subfield code="7">0</subfield>
    <subfield code="9">5846</subfield>
    <subfield code="a">HELPR</subfield>
    <subfield code="b">HELPR</subfield>
    <subfield code="d">2023-03-29</subfield>
    <subfield code="l">0</subfield>
    <subfield code="o">512.0076</subfield>
    <subfield code="p">0000010013984</subfield>
    <subfield code="r">2023-03-29</subfield>
    <subfield code="w">2023-03-29</subfield>
    <subfield code="y">MONO</subfield>
    <subfield code="f"></subfield>
  </datafield>
  <datafield tag="952" ind1=" " ind2=" ">
    <subfield code="0">0</subfield>
    <subfield code="1">0</subfield>
    <subfield code="2">ddc</subfield>
    <subfield code="3">Fast Cataloged Item</subfield>
    <subfield code="4">0</subfield>
    <subfield code="6">512_007600000000000</subfield>
    <subfield code="7">0</subfield>
    <subfield code="9">5847</subfield>
    <subfield code="a">HELPR</subfield>
    <subfield code="b">HELPR</subfield>
    <subfield code="d">2023-03-29</subfield>
    <subfield code="l">0</subfield>
    <subfield code="o">512.0076</subfield>
    <subfield code="p">0000010013991</subfield>
    <subfield code="r">2023-03-29</subfield>
    <subfield code="w">2023-03-29</subfield>
    <subfield code="y">MONO</subfield>
    <subfield code="f"></subfield>
  </datafield>
</record>