

<record>
  <leader>00218nam a22000977a 4500</leader>
  <datafield tag="020" ind1=" " ind2=" ">
    <subfield code="a">978 2 35754 145 2</subfield>
  </datafield>
  <datafield tag="092" ind1=" " ind2=" ">
    <subfield code="a">338.5</subfield>
  </datafield>
  <datafield tag="100" ind1=" " ind2=" ">
    <subfield code="a">Hal R. Varian</subfield>
  </datafield>
  <datafield tag="245" ind1=" " ind2=" ">
    <subfield code="a">Introduction a la microeconomie</subfield>
    <subfield code="c">De Boeck</subfield>
  </datafield>
  <datafield tag="942" ind1=" " ind2=" ">
    <subfield code="c">MONO</subfield>
  </datafield>
  <datafield tag="999" ind1=" " ind2=" ">
    <subfield code="c">4726</subfield>
    <subfield code="d">4726</subfield>
  </datafield>
  <datafield tag="952" ind1=" " ind2=" ">
    <subfield code="0">0</subfield>
    <subfield code="1">0</subfield>
    <subfield code="2">ddc</subfield>
    <subfield code="3">Fast Cataloged Item</subfield>
    <subfield code="4">0</subfield>
    <subfield code="6">338_500000000000000</subfield>
    <subfield code="7">0</subfield>
    <subfield code="9">5970</subfield>
    <subfield code="a">HELPR</subfield>
    <subfield code="b">HELPR</subfield>
    <subfield code="d">2023-03-31</subfield>
    <subfield code="l">0</subfield>
    <subfield code="o">338.5</subfield>
    <subfield code="p">0000010015223</subfield>
    <subfield code="r">2023-03-31</subfield>
    <subfield code="w">2023-03-31</subfield>
    <subfield code="y">MONO</subfield>
    <subfield code="f"></subfield>
  </datafield>
</record>