

<record>
  <leader>00206nam a22000977a 4500</leader>
  <datafield tag="020" ind1=" " ind2=" ">
    <subfield code="a">0 71 67 52 37 9</subfield>
  </datafield>
  <datafield tag="092" ind1=" " ind2=" ">
    <subfield code="a">339</subfield>
  </datafield>
  <datafield tag="100" ind1=" " ind2=" ">
    <subfield code="a">Gregory N. Mankiw</subfield>
  </datafield>
  <datafield tag="245" ind1=" " ind2=" ">
    <subfield code="a">Macroeconomics</subfield>
    <subfield code="c">Fifth edition</subfield>
  </datafield>
  <datafield tag="942" ind1=" " ind2=" ">
    <subfield code="c">MONO</subfield>
  </datafield>
  <datafield tag="999" ind1=" " ind2=" ">
    <subfield code="c">4737</subfield>
    <subfield code="d">4737</subfield>
  </datafield>
  <datafield tag="952" ind1=" " ind2=" ">
    <subfield code="0">0</subfield>
    <subfield code="1">0</subfield>
    <subfield code="2">ddc</subfield>
    <subfield code="3">Fast Cataloged Item</subfield>
    <subfield code="4">0</subfield>
    <subfield code="6">339_000000000000000</subfield>
    <subfield code="7">0</subfield>
    <subfield code="9">5984</subfield>
    <subfield code="a">HELPR</subfield>
    <subfield code="b">HELPR</subfield>
    <subfield code="d">2023-03-31</subfield>
    <subfield code="l">0</subfield>
    <subfield code="o">339</subfield>
    <subfield code="p">0000010015360</subfield>
    <subfield code="r">2023-03-31</subfield>
    <subfield code="w">2023-03-31</subfield>
    <subfield code="y">MONO</subfield>
    <subfield code="f"></subfield>
  </datafield>
  <datafield tag="952" ind1=" " ind2=" ">
    <subfield code="0">0</subfield>
    <subfield code="1">0</subfield>
    <subfield code="2">ddc</subfield>
    <subfield code="3">Fast Cataloged Item</subfield>
    <subfield code="4">0</subfield>
    <subfield code="6">339_000000000000000</subfield>
    <subfield code="7">0</subfield>
    <subfield code="9">5985</subfield>
    <subfield code="a">HELPR</subfield>
    <subfield code="b">HELPR</subfield>
    <subfield code="d">2023-03-31</subfield>
    <subfield code="l">0</subfield>
    <subfield code="o">339</subfield>
    <subfield code="p">0000010015377</subfield>
    <subfield code="r">2023-03-31</subfield>
    <subfield code="w">2023-03-31</subfield>
    <subfield code="y">MONO</subfield>
    <subfield code="f"></subfield>
  </datafield>
</record>