

<record>
  <leader>00197nam a22000977a 4500</leader>
  <datafield tag="020" ind1=" " ind2=" ">
    <subfield code="a">978 2 2661 9272 9</subfield>
  </datafield>
  <datafield tag="092" ind1=" " ind2=" ">
    <subfield code="a">375</subfield>
  </datafield>
  <datafield tag="100" ind1=" " ind2=" ">
    <subfield code="a">Nicolas Machiavel</subfield>
  </datafield>
  <datafield tag="245" ind1=" " ind2=" ">
    <subfield code="a">Le Prince</subfield>
    <subfield code="c">Pocket </subfield>
  </datafield>
  <datafield tag="942" ind1=" " ind2=" ">
    <subfield code="c">MONO</subfield>
  </datafield>
  <datafield tag="999" ind1=" " ind2=" ">
    <subfield code="c">4763</subfield>
    <subfield code="d">4763</subfield>
  </datafield>
  <datafield tag="952" ind1=" " ind2=" ">
    <subfield code="0">0</subfield>
    <subfield code="1">0</subfield>
    <subfield code="2">ddc</subfield>
    <subfield code="3">Fast Cataloged Item</subfield>
    <subfield code="4">0</subfield>
    <subfield code="6">375_000000000000000</subfield>
    <subfield code="7">0</subfield>
    <subfield code="9">6021</subfield>
    <subfield code="a">HELPR</subfield>
    <subfield code="b">HELPR</subfield>
    <subfield code="d">2023-04-01</subfield>
    <subfield code="l">0</subfield>
    <subfield code="o">375</subfield>
    <subfield code="p">0000010015735</subfield>
    <subfield code="r">2023-04-01</subfield>
    <subfield code="w">2023-04-01</subfield>
    <subfield code="y">MONO</subfield>
    <subfield code="f"></subfield>
  </datafield>
  <datafield tag="952" ind1=" " ind2=" ">
    <subfield code="0">0</subfield>
    <subfield code="1">0</subfield>
    <subfield code="2">ddc</subfield>
    <subfield code="3">Fast Cataloged Item</subfield>
    <subfield code="4">0</subfield>
    <subfield code="6">375_000000000000000</subfield>
    <subfield code="7">0</subfield>
    <subfield code="9">6022</subfield>
    <subfield code="a">HELPR</subfield>
    <subfield code="b">HELPR</subfield>
    <subfield code="d">2023-04-01</subfield>
    <subfield code="l">0</subfield>
    <subfield code="o">375</subfield>
    <subfield code="p">0000010015742</subfield>
    <subfield code="r">2023-04-01</subfield>
    <subfield code="w">2023-04-01</subfield>
    <subfield code="y">MONO</subfield>
    <subfield code="f"></subfield>
  </datafield>
</record>