

<record>
  <leader>00239nam a22000977a 4500</leader>
  <datafield tag="020" ind1=" " ind2=" ">
    <subfield code="a">1 55 775 419 5</subfield>
  </datafield>
  <datafield tag="092" ind1=" " ind2=" ">
    <subfield code="a">332.56</subfield>
  </datafield>
  <datafield tag="100" ind1=" " ind2=" ">
    <subfield code="a">Carlo Cottarelli &amp; Tomàs J. T. Baliño</subfield>
  </datafield>
  <datafield tag="245" ind1=" " ind2=" ">
    <subfield code="a">Frameworks for monetary stability</subfield>
    <subfield code="c">IMF</subfield>
  </datafield>
  <datafield tag="942" ind1=" " ind2=" ">
    <subfield code="c">MONO</subfield>
  </datafield>
  <datafield tag="999" ind1=" " ind2=" ">
    <subfield code="c">4771</subfield>
    <subfield code="d">4771</subfield>
  </datafield>
  <datafield tag="952" ind1=" " ind2=" ">
    <subfield code="0">0</subfield>
    <subfield code="1">0</subfield>
    <subfield code="2">ddc</subfield>
    <subfield code="3">Fast Cataloged Item</subfield>
    <subfield code="4">0</subfield>
    <subfield code="6">332_560000000000000</subfield>
    <subfield code="7">0</subfield>
    <subfield code="9">6031</subfield>
    <subfield code="a">HELPR</subfield>
    <subfield code="b">HELPR</subfield>
    <subfield code="d">2023-04-01</subfield>
    <subfield code="l">0</subfield>
    <subfield code="o">332.56</subfield>
    <subfield code="p">0000010015834</subfield>
    <subfield code="r">2023-04-01</subfield>
    <subfield code="w">2023-04-01</subfield>
    <subfield code="y">MONO</subfield>
    <subfield code="f"></subfield>
  </datafield>
</record>