

<record>
  <leader>00205nam a22000977a 4500</leader>
  <datafield tag="020" ind1=" " ind2=" ">
    <subfield code="a">2,100,068,903</subfield>
  </datafield>
  <datafield tag="092" ind1=" " ind2=" ">
    <subfield code="a">327.12</subfield>
  </datafield>
  <datafield tag="100" ind1=" " ind2=" ">
    <subfield code="a">Daniel Battu</subfield>
  </datafield>
  <datafield tag="245" ind1=" " ind2=" ">
    <subfield code="a">La guerre des ordinateurs</subfield>
    <subfield code="c">DUNOD</subfield>
  </datafield>
  <datafield tag="942" ind1=" " ind2=" ">
    <subfield code="c">MONO</subfield>
  </datafield>
  <datafield tag="999" ind1=" " ind2=" ">
    <subfield code="c">4784</subfield>
    <subfield code="d">4784</subfield>
  </datafield>
  <datafield tag="952" ind1=" " ind2=" ">
    <subfield code="0">0</subfield>
    <subfield code="1">0</subfield>
    <subfield code="2">ddc</subfield>
    <subfield code="3">Fast Cataloged Item</subfield>
    <subfield code="4">0</subfield>
    <subfield code="6">327_120000000000000</subfield>
    <subfield code="7">0</subfield>
    <subfield code="9">6045</subfield>
    <subfield code="a">HELPR</subfield>
    <subfield code="b">HELPR</subfield>
    <subfield code="d">2023-04-01</subfield>
    <subfield code="l">0</subfield>
    <subfield code="o">327.12</subfield>
    <subfield code="p">0000010015971</subfield>
    <subfield code="r">2023-04-01</subfield>
    <subfield code="w">2023-04-01</subfield>
    <subfield code="y">MONO</subfield>
    <subfield code="f"></subfield>
  </datafield>
</record>