

<record>
  <leader>00225nam a22000977a 4500</leader>
  <datafield tag="020" ind1=" " ind2=" ">
    <subfield code="a">978-99935-91-95-5</subfield>
  </datafield>
  <datafield tag="092" ind1=" " ind2=" ">
    <subfield code="a">370</subfield>
  </datafield>
  <datafield tag="100" ind1=" " ind2=" ">
    <subfield code="a">Hérold Toussaint</subfield>
  </datafield>
  <datafield tag="245" ind1=" " ind2=" ">
    <subfield code="a">Le métier d'étudiant</subfield>
    <subfield code="b">Imprimerie Media-Texte</subfield>
  </datafield>
  <datafield tag="942" ind1=" " ind2=" ">
    <subfield code="c">MONO</subfield>
  </datafield>
  <datafield tag="999" ind1=" " ind2=" ">
    <subfield code="c">4793</subfield>
    <subfield code="d">4793</subfield>
  </datafield>
  <datafield tag="952" ind1=" " ind2=" ">
    <subfield code="0">0</subfield>
    <subfield code="1">0</subfield>
    <subfield code="2">ddc</subfield>
    <subfield code="3">Fast Cataloged Item</subfield>
    <subfield code="4">0</subfield>
    <subfield code="6">370_000000000000000</subfield>
    <subfield code="7">0</subfield>
    <subfield code="9">6058</subfield>
    <subfield code="a">HELPR</subfield>
    <subfield code="b">HELPR</subfield>
    <subfield code="d">2023-04-02</subfield>
    <subfield code="l">0</subfield>
    <subfield code="o">370</subfield>
    <subfield code="p">0000010016107</subfield>
    <subfield code="r">2023-04-02</subfield>
    <subfield code="w">2023-04-02</subfield>
    <subfield code="y">MONO</subfield>
    <subfield code="f"></subfield>
  </datafield>
  <datafield tag="952" ind1=" " ind2=" ">
    <subfield code="0">0</subfield>
    <subfield code="1">0</subfield>
    <subfield code="2">ddc</subfield>
    <subfield code="3">Fast Cataloged Item</subfield>
    <subfield code="4">0</subfield>
    <subfield code="6">370_000000000000000</subfield>
    <subfield code="7">0</subfield>
    <subfield code="9">6059</subfield>
    <subfield code="a">HELPR</subfield>
    <subfield code="b">HELPR</subfield>
    <subfield code="d">2023-04-02</subfield>
    <subfield code="l">0</subfield>
    <subfield code="o">370</subfield>
    <subfield code="p">0000010016114</subfield>
    <subfield code="r">2023-04-02</subfield>
    <subfield code="w">2023-04-02</subfield>
    <subfield code="y">MONO</subfield>
    <subfield code="f"></subfield>
  </datafield>
  <datafield tag="952" ind1=" " ind2=" ">
    <subfield code="0">0</subfield>
    <subfield code="1">0</subfield>
    <subfield code="2">ddc</subfield>
    <subfield code="3">Fast Cataloged Item</subfield>
    <subfield code="4">0</subfield>
    <subfield code="6">370_000000000000000</subfield>
    <subfield code="7">0</subfield>
    <subfield code="9">6060</subfield>
    <subfield code="a">HELPR</subfield>
    <subfield code="b">HELPR</subfield>
    <subfield code="d">2023-04-02</subfield>
    <subfield code="l">0</subfield>
    <subfield code="o">370</subfield>
    <subfield code="p">0000010016121</subfield>
    <subfield code="r">2023-04-02</subfield>
    <subfield code="w">2023-04-02</subfield>
    <subfield code="y">MONO</subfield>
    <subfield code="f"></subfield>
  </datafield>
</record>