

<record>
  <leader>00276nam a22000977a 4500</leader>
  <datafield tag="020" ind1=" " ind2=" ">
    <subfield code="a">0 683 30302 3</subfield>
  </datafield>
  <datafield tag="092" ind1=" " ind2=" ">
    <subfield code="a">338.436161</subfield>
  </datafield>
  <datafield tag="100" ind1=" " ind2=" ">
    <subfield code="a">Talley, Mauldin &amp; Becker </subfield>
  </datafield>
  <datafield tag="245" ind1=" " ind2=" ">
    <subfield code="a">Cost Effective Diagnosis and Treatmen of Coronay Artery Disease</subfield>
    <subfield code="c">Williams and Wilkins </subfield>
  </datafield>
  <datafield tag="942" ind1=" " ind2=" ">
    <subfield code="c">MONO</subfield>
  </datafield>
  <datafield tag="999" ind1=" " ind2=" ">
    <subfield code="c">4837</subfield>
    <subfield code="d">4837</subfield>
  </datafield>
  <datafield tag="952" ind1=" " ind2=" ">
    <subfield code="0">0</subfield>
    <subfield code="1">0</subfield>
    <subfield code="2">ddc</subfield>
    <subfield code="3">Fast Cataloged Item</subfield>
    <subfield code="4">0</subfield>
    <subfield code="6">338_436161000000000</subfield>
    <subfield code="7">0</subfield>
    <subfield code="9">6110</subfield>
    <subfield code="a">HELPR</subfield>
    <subfield code="b">HELPR</subfield>
    <subfield code="d">2023-04-05</subfield>
    <subfield code="l">0</subfield>
    <subfield code="o">338.436161</subfield>
    <subfield code="p">0000010016626</subfield>
    <subfield code="r">2023-04-05</subfield>
    <subfield code="w">2023-04-05</subfield>
    <subfield code="y">MONO</subfield>
    <subfield code="f"></subfield>
  </datafield>
</record>