

<record>
  <leader>00283nam a22000977a 4500</leader>
  <datafield tag="020" ind1=" " ind2=" ">
    <subfield code="a">0 935328 92 0</subfield>
  </datafield>
  <datafield tag="092" ind1=" " ind2=" ">
    <subfield code="a">341.5520268</subfield>
  </datafield>
  <datafield tag="100" ind1=" " ind2=" ">
    <subfield code="a">Sally J. Cummins &amp; David P. Stewart</subfield>
  </datafield>
  <datafield tag="245" ind1=" " ind2=" ">
    <subfield code="a">Digest of United States Practice in International Law</subfield>
    <subfield code="c">International law institute</subfield>
  </datafield>
  <datafield tag="942" ind1=" " ind2=" ">
    <subfield code="c">MONO</subfield>
  </datafield>
  <datafield tag="999" ind1=" " ind2=" ">
    <subfield code="c">4858</subfield>
    <subfield code="d">4858</subfield>
  </datafield>
  <datafield tag="952" ind1=" " ind2=" ">
    <subfield code="0">0</subfield>
    <subfield code="1">0</subfield>
    <subfield code="2">ddc</subfield>
    <subfield code="3">Fast Cataloged Item</subfield>
    <subfield code="4">0</subfield>
    <subfield code="6">341_552026800000000</subfield>
    <subfield code="7">0</subfield>
    <subfield code="9">6134</subfield>
    <subfield code="a">HELPR</subfield>
    <subfield code="b">HELPR</subfield>
    <subfield code="d">2023-04-05</subfield>
    <subfield code="l">0</subfield>
    <subfield code="o">341.5520268</subfield>
    <subfield code="p">0000010016862</subfield>
    <subfield code="r">2023-04-05</subfield>
    <subfield code="w">2023-04-05</subfield>
    <subfield code="y">MONO</subfield>
    <subfield code="f"></subfield>
  </datafield>
</record>