

<record>
  <leader>00288nam a22000977a 4500</leader>
  <datafield tag="020" ind1=" " ind2=" ">
    <subfield code="a">0 309 06 37 44</subfield>
  </datafield>
  <datafield tag="092" ind1=" " ind2=" ">
    <subfield code="a">362.1786</subfield>
  </datafield>
  <datafield tag="100" ind1=" " ind2=" ">
    <subfield code="a">Institute Of Medicine</subfield>
  </datafield>
  <datafield tag="245" ind1=" " ind2=" ">
    <subfield code="a"> Enabling America/ Assessing the role of rehabilitation Science and Engineering</subfield>
    <subfield code="c">National Academy Press</subfield>
  </datafield>
  <datafield tag="942" ind1=" " ind2=" ">
    <subfield code="c">MONO</subfield>
  </datafield>
  <datafield tag="999" ind1=" " ind2=" ">
    <subfield code="c">4868</subfield>
    <subfield code="d">4868</subfield>
  </datafield>
  <datafield tag="952" ind1=" " ind2=" ">
    <subfield code="0">0</subfield>
    <subfield code="1">0</subfield>
    <subfield code="2">ddc</subfield>
    <subfield code="3">Fast Cataloged Item</subfield>
    <subfield code="4">0</subfield>
    <subfield code="6">362_178600000000000</subfield>
    <subfield code="7">0</subfield>
    <subfield code="9">6146</subfield>
    <subfield code="a">HELPR</subfield>
    <subfield code="b">HELPR</subfield>
    <subfield code="d">2023-04-05</subfield>
    <subfield code="l">0</subfield>
    <subfield code="o">362.1786</subfield>
    <subfield code="p">0000010016985</subfield>
    <subfield code="r">2023-04-05</subfield>
    <subfield code="w">2023-04-05</subfield>
    <subfield code="y">MONO</subfield>
    <subfield code="f"></subfield>
  </datafield>
</record>