

<record>
  <leader>00252nam a22000977a 4500</leader>
  <datafield tag="020" ind1=" " ind2=" ">
    <subfield code="a">978-2-39013-303-2</subfield>
  </datafield>
  <datafield tag="092" ind1=" " ind2=" ">
    <subfield code="a">349.4403</subfield>
  </datafield>
  <datafield tag="100" ind1=" " ind2=" ">
    <subfield code="a">Édouard Umberto Goût &amp; frédéric-Jérôme Pansier</subfield>
  </datafield>
  <datafield tag="245" ind1=" " ind2=" ">
    <subfield code="a">Petit lexique juridique</subfield>
    <subfield code="c">Bruylant</subfield>
  </datafield>
  <datafield tag="942" ind1=" " ind2=" ">
    <subfield code="c">MONO</subfield>
  </datafield>
  <datafield tag="999" ind1=" " ind2=" ">
    <subfield code="c">4885</subfield>
    <subfield code="d">4885</subfield>
  </datafield>
  <datafield tag="952" ind1=" " ind2=" ">
    <subfield code="0">0</subfield>
    <subfield code="1">0</subfield>
    <subfield code="2">ddc</subfield>
    <subfield code="3">Fast Cataloged Item</subfield>
    <subfield code="4">0</subfield>
    <subfield code="6">349_440300000000000</subfield>
    <subfield code="7">0</subfield>
    <subfield code="9">6165</subfield>
    <subfield code="a">HELPR</subfield>
    <subfield code="b">HELPR</subfield>
    <subfield code="d">2023-04-05</subfield>
    <subfield code="l">0</subfield>
    <subfield code="o">349.4403</subfield>
    <subfield code="p">0000010017173</subfield>
    <subfield code="r">2023-04-05</subfield>
    <subfield code="w">2023-04-05</subfield>
    <subfield code="y">MONO</subfield>
    <subfield code="f"></subfield>
  </datafield>
  <datafield tag="952" ind1=" " ind2=" ">
    <subfield code="0">0</subfield>
    <subfield code="1">0</subfield>
    <subfield code="2">ddc</subfield>
    <subfield code="3">Fast Cataloged Item</subfield>
    <subfield code="4">0</subfield>
    <subfield code="6">349_440300000000000</subfield>
    <subfield code="7">0</subfield>
    <subfield code="9">6166</subfield>
    <subfield code="a">HELPR</subfield>
    <subfield code="b">HELPR</subfield>
    <subfield code="d">2023-04-05</subfield>
    <subfield code="l">0</subfield>
    <subfield code="o">349.4403</subfield>
    <subfield code="p">0000010017180</subfield>
    <subfield code="r">2023-04-05</subfield>
    <subfield code="w">2023-04-05</subfield>
    <subfield code="y">MONO</subfield>
    <subfield code="f"></subfield>
  </datafield>
  <datafield tag="952" ind1=" " ind2=" ">
    <subfield code="0">0</subfield>
    <subfield code="1">0</subfield>
    <subfield code="2">ddc</subfield>
    <subfield code="3">Fast Cataloged Item</subfield>
    <subfield code="4">0</subfield>
    <subfield code="6">349_440300000000000</subfield>
    <subfield code="7">0</subfield>
    <subfield code="9">6167</subfield>
    <subfield code="a">HELPR</subfield>
    <subfield code="b">HELPR</subfield>
    <subfield code="d">2023-04-05</subfield>
    <subfield code="l">0</subfield>
    <subfield code="o">349.4403</subfield>
    <subfield code="p">0000010017197</subfield>
    <subfield code="r">2023-04-05</subfield>
    <subfield code="w">2023-04-05</subfield>
    <subfield code="y">MONO</subfield>
    <subfield code="f"></subfield>
  </datafield>
</record>