

<record>
  <leader>00247nam a22000977a 4500</leader>
  <datafield tag="020" ind1=" " ind2=" ">
    <subfield code="a">0-495-00761-7</subfield>
  </datafield>
  <datafield tag="092" ind1=" " ind2=" ">
    <subfield code="a">320.3078555</subfield>
  </datafield>
  <datafield tag="100" ind1=" " ind2=" ">
    <subfield code="a">Michael K. Le Roy</subfield>
  </datafield>
  <datafield tag="245" ind1=" " ind2=" ">
    <subfield code="a">Comparative Politics Using Microcase Explorit</subfield>
    <subfield code="c">Thomson Wadsworth</subfield>
  </datafield>
  <datafield tag="942" ind1=" " ind2=" ">
    <subfield code="c">MONO</subfield>
  </datafield>
  <datafield tag="999" ind1=" " ind2=" ">
    <subfield code="c">4912</subfield>
    <subfield code="d">4912</subfield>
  </datafield>
  <datafield tag="952" ind1=" " ind2=" ">
    <subfield code="0">0</subfield>
    <subfield code="1">0</subfield>
    <subfield code="2">ddc</subfield>
    <subfield code="3">Fast Cataloged Item</subfield>
    <subfield code="4">0</subfield>
    <subfield code="6">320_307855500000000</subfield>
    <subfield code="7">0</subfield>
    <subfield code="9">6195</subfield>
    <subfield code="a">HELPR</subfield>
    <subfield code="b">HELPR</subfield>
    <subfield code="d">2023-04-06</subfield>
    <subfield code="l">0</subfield>
    <subfield code="o">320.3078555</subfield>
    <subfield code="p">0000010017470</subfield>
    <subfield code="r">2023-04-06</subfield>
    <subfield code="w">2023-04-06</subfield>
    <subfield code="y">MONO</subfield>
    <subfield code="f"></subfield>
  </datafield>
</record>