

<record>
  <leader>00290nam a22000977a 4500</leader>
  <datafield tag="020" ind1=" " ind2=" ">
    <subfield code="a">978-2-84950-443-7</subfield>
  </datafield>
  <datafield tag="092" ind1=" " ind2=" ">
    <subfield code="a">338.8232</subfield>
  </datafield>
  <datafield tag="100" ind1=" " ind2=" ">
    <subfield code="a">Duterme, Leroy, Douxchamps,Cueto, Polet,Thomas, Delcourt, Peng</subfield>
  </datafield>
  <datafield tag="245" ind1=" " ind2=" ">
    <subfield code="a">Etat des résistances dans le Sud/Luttes Syndicales</subfield>
    <subfield code="c">Syllepse</subfield>
  </datafield>
  <datafield tag="942" ind1=" " ind2=" ">
    <subfield code="c">MONO</subfield>
  </datafield>
  <datafield tag="999" ind1=" " ind2=" ">
    <subfield code="c">4930</subfield>
    <subfield code="d">4930</subfield>
  </datafield>
  <datafield tag="952" ind1=" " ind2=" ">
    <subfield code="0">0</subfield>
    <subfield code="1">0</subfield>
    <subfield code="2">ddc</subfield>
    <subfield code="3">Fast Cataloged Item</subfield>
    <subfield code="4">0</subfield>
    <subfield code="6">338_823200000000000</subfield>
    <subfield code="7">0</subfield>
    <subfield code="9">6214</subfield>
    <subfield code="a">HELPR</subfield>
    <subfield code="b">HELPR</subfield>
    <subfield code="d">2023-04-06</subfield>
    <subfield code="l">0</subfield>
    <subfield code="o">338.8232</subfield>
    <subfield code="p">10017627</subfield>
    <subfield code="r">2023-04-06</subfield>
    <subfield code="w">2023-04-06</subfield>
    <subfield code="y">MONO</subfield>
    <subfield code="f"></subfield>
  </datafield>
</record>