

<record>
  <leader>00264nam a22000977a 4500</leader>
  <datafield tag="020" ind1=" " ind2=" ">
    <subfield code="a">0-8018-1604-1</subfield>
  </datafield>
  <datafield tag="092" ind1=" " ind2=" ">
    <subfield code="a">332.80212</subfield>
  </datafield>
  <datafield tag="100" ind1=" " ind2=" ">
    <subfield code="a">Andrew M. Kamarck</subfield>
  </datafield>
  <datafield tag="245" ind1=" " ind2=" ">
    <subfield code="a">Compounding and Discounting Tables for Project Evaluation</subfield>
    <subfield code="c">A world Bank Publication</subfield>
  </datafield>
  <datafield tag="942" ind1=" " ind2=" ">
    <subfield code="c">MONO</subfield>
  </datafield>
  <datafield tag="999" ind1=" " ind2=" ">
    <subfield code="c">4940</subfield>
    <subfield code="d">4940</subfield>
  </datafield>
  <datafield tag="952" ind1=" " ind2=" ">
    <subfield code="0">0</subfield>
    <subfield code="1">0</subfield>
    <subfield code="2">ddc</subfield>
    <subfield code="3">Fast Cataloged Item</subfield>
    <subfield code="4">0</subfield>
    <subfield code="6">332_802120000000000</subfield>
    <subfield code="7">0</subfield>
    <subfield code="9">6224</subfield>
    <subfield code="a">HELPR</subfield>
    <subfield code="b">HELPR</subfield>
    <subfield code="d">2023-04-06</subfield>
    <subfield code="l">0</subfield>
    <subfield code="o">332.80212</subfield>
    <subfield code="p">0000010017708</subfield>
    <subfield code="r">2023-04-06</subfield>
    <subfield code="w">2023-04-06</subfield>
    <subfield code="y">MONO</subfield>
    <subfield code="f"></subfield>
  </datafield>
</record>