

<record>
  <leader>00292nam a22000977a 4500</leader>
  <datafield tag="020" ind1=" " ind2=" ">
    <subfield code="a">978-99935-41-29-5</subfield>
  </datafield>
  <datafield tag="092" ind1=" " ind2=" ">
    <subfield code="a">331.12</subfield>
  </datafield>
  <datafield tag="100" ind1=" " ind2=" ">
    <subfield code="a">Jean-Marie Bazile</subfield>
  </datafield>
  <datafield tag="245" ind1=" " ind2=" ">
    <subfield code="a">La question de l'emploi, Concepts, défis, enjeux et baies de solution</subfield>
    <subfield code="c">Presses Nationales d'Haïti, juin 2010</subfield>
  </datafield>
  <datafield tag="942" ind1=" " ind2=" ">
    <subfield code="c">MONO</subfield>
  </datafield>
  <datafield tag="999" ind1=" " ind2=" ">
    <subfield code="c">4944</subfield>
    <subfield code="d">4944</subfield>
  </datafield>
  <datafield tag="952" ind1=" " ind2=" ">
    <subfield code="0">0</subfield>
    <subfield code="1">0</subfield>
    <subfield code="2">ddc</subfield>
    <subfield code="3">Fast Cataloged Item</subfield>
    <subfield code="4">0</subfield>
    <subfield code="6">331_120000000000000</subfield>
    <subfield code="7">0</subfield>
    <subfield code="9">6228</subfield>
    <subfield code="a">HELPR</subfield>
    <subfield code="b">HELPR</subfield>
    <subfield code="d">2023-04-10</subfield>
    <subfield code="l">0</subfield>
    <subfield code="o">331.12</subfield>
    <subfield code="p">0000010017746</subfield>
    <subfield code="r">2023-04-10</subfield>
    <subfield code="w">2023-04-10</subfield>
    <subfield code="y">MONO</subfield>
    <subfield code="f"></subfield>
  </datafield>
</record>