

<record>
  <leader>00240nam a22000977a 4500</leader>
  <datafield tag="020" ind1=" " ind2=" ">
    <subfield code="a">978-2-200-24917-5</subfield>
  </datafield>
  <datafield tag="092" ind1=" " ind2=" ">
    <subfield code="a">301</subfield>
  </datafield>
  <datafield tag="100" ind1=" " ind2=" ">
    <subfield code="a">Gilles Ferréol &amp; Jean-Pierre Noreck</subfield>
  </datafield>
  <datafield tag="245" ind1=" " ind2=" ">
    <subfield code="a">Introduction a la sociologie</subfield>
    <subfield code="c">Armand Colin</subfield>
  </datafield>
  <datafield tag="942" ind1=" " ind2=" ">
    <subfield code="c">MONO</subfield>
  </datafield>
  <datafield tag="999" ind1=" " ind2=" ">
    <subfield code="c">4971</subfield>
    <subfield code="d">4971</subfield>
  </datafield>
  <datafield tag="952" ind1=" " ind2=" ">
    <subfield code="0">0</subfield>
    <subfield code="1">0</subfield>
    <subfield code="2">ddc</subfield>
    <subfield code="3">Fast Cataloged Item</subfield>
    <subfield code="4">0</subfield>
    <subfield code="6">301_000000000000000</subfield>
    <subfield code="7">0</subfield>
    <subfield code="9">6316</subfield>
    <subfield code="a">HELPR</subfield>
    <subfield code="b">HELPR</subfield>
    <subfield code="d">2023-04-11</subfield>
    <subfield code="l">0</subfield>
    <subfield code="o">301</subfield>
    <subfield code="p">0000010018620</subfield>
    <subfield code="r">2023-04-11</subfield>
    <subfield code="w">2023-04-11</subfield>
    <subfield code="y">MONO</subfield>
    <subfield code="f"></subfield>
  </datafield>
</record>