

<record>
  <leader>00215nam a22000977a 4500</leader>
  <datafield tag="020" ind1=" " ind2=" ">
    <subfield code="a">978-2-8041-5698-5</subfield>
  </datafield>
  <datafield tag="092" ind1=" " ind2=" ">
    <subfield code="a">330</subfield>
  </datafield>
  <datafield tag="100" ind1=" " ind2=" ">
    <subfield code="a">Pierre Olivier Beffy</subfield>
  </datafield>
  <datafield tag="245" ind1=" " ind2=" ">
    <subfield code="a">Initiation a l'économie</subfield>
    <subfield code="c">De Boek</subfield>
  </datafield>
  <datafield tag="942" ind1=" " ind2=" ">
    <subfield code="c">MONO</subfield>
  </datafield>
  <datafield tag="999" ind1=" " ind2=" ">
    <subfield code="c">5094</subfield>
    <subfield code="d">5094</subfield>
  </datafield>
  <datafield tag="952" ind1=" " ind2=" ">
    <subfield code="0">0</subfield>
    <subfield code="1">0</subfield>
    <subfield code="2">ddc</subfield>
    <subfield code="3">Fast Cataloged Item</subfield>
    <subfield code="4">0</subfield>
    <subfield code="6">330_000000000000000</subfield>
    <subfield code="7">0</subfield>
    <subfield code="9">6456</subfield>
    <subfield code="a">HELPR</subfield>
    <subfield code="b">HELPR</subfield>
    <subfield code="d">2023-04-15</subfield>
    <subfield code="l">0</subfield>
    <subfield code="o">330</subfield>
    <subfield code="p">0000010020029</subfield>
    <subfield code="r">2023-04-15</subfield>
    <subfield code="w">2023-04-15</subfield>
    <subfield code="y">MONO</subfield>
    <subfield code="f"></subfield>
  </datafield>
  <datafield tag="952" ind1=" " ind2=" ">
    <subfield code="0">0</subfield>
    <subfield code="1">0</subfield>
    <subfield code="2">ddc</subfield>
    <subfield code="3">Fast Cataloged Item</subfield>
    <subfield code="4">0</subfield>
    <subfield code="6">330_000000000000000</subfield>
    <subfield code="7">0</subfield>
    <subfield code="9">6457</subfield>
    <subfield code="a">HELPR</subfield>
    <subfield code="b">HELPR</subfield>
    <subfield code="d">2023-04-15</subfield>
    <subfield code="l">0</subfield>
    <subfield code="o">330</subfield>
    <subfield code="p">0000010020036</subfield>
    <subfield code="r">2023-04-15</subfield>
    <subfield code="w">2023-04-15</subfield>
    <subfield code="y">MONO</subfield>
    <subfield code="f"></subfield>
  </datafield>
  <datafield tag="952" ind1=" " ind2=" ">
    <subfield code="0">0</subfield>
    <subfield code="1">0</subfield>
    <subfield code="2">ddc</subfield>
    <subfield code="3">Fast Cataloged Item</subfield>
    <subfield code="4">0</subfield>
    <subfield code="6">330_000000000000000</subfield>
    <subfield code="7">0</subfield>
    <subfield code="9">6458</subfield>
    <subfield code="a">HELPR</subfield>
    <subfield code="b">HELPR</subfield>
    <subfield code="d">2023-04-15</subfield>
    <subfield code="l">0</subfield>
    <subfield code="o">330</subfield>
    <subfield code="p">0000010020043</subfield>
    <subfield code="r">2023-04-15</subfield>
    <subfield code="w">2023-04-15</subfield>
    <subfield code="y">MONO</subfield>
    <subfield code="f"></subfield>
  </datafield>
</record>