

<record>
  <leader>00266nam a22000977a 4500</leader>
  <datafield tag="020" ind1=" " ind2=" ">
    <subfield code="a">978 2  89 71 23 51 2</subfield>
  </datafield>
  <datafield tag="092" ind1=" " ind2=" ">
    <subfield code="a">972.9405</subfield>
  </datafield>
  <datafield tag="100" ind1=" " ind2=" ">
    <subfield code="a">Max U. Duvivier </subfield>
  </datafield>
  <datafield tag="245" ind1=" " ind2=" ">
    <subfield code="a">trois etudes sur l'occupation americaine d Haiti (1915-1934) </subfield>
    <subfield code="c">Memoire d'encrier</subfield>
  </datafield>
  <datafield tag="942" ind1=" " ind2=" ">
    <subfield code="c">MONO</subfield>
  </datafield>
  <datafield tag="999" ind1=" " ind2=" ">
    <subfield code="c">5163</subfield>
    <subfield code="d">5163</subfield>
  </datafield>
  <datafield tag="952" ind1=" " ind2=" ">
    <subfield code="0">0</subfield>
    <subfield code="1">0</subfield>
    <subfield code="2">ddc</subfield>
    <subfield code="3">Fast Cataloged Item</subfield>
    <subfield code="4">0</subfield>
    <subfield code="6">972_940500000000000</subfield>
    <subfield code="7">0</subfield>
    <subfield code="9">6530</subfield>
    <subfield code="a">HELPR</subfield>
    <subfield code="b">HELPR</subfield>
    <subfield code="d">2023-05-02</subfield>
    <subfield code="l">0</subfield>
    <subfield code="o">972.9405</subfield>
    <subfield code="p">0000010020760</subfield>
    <subfield code="r">2023-05-02</subfield>
    <subfield code="w">2023-05-02</subfield>
    <subfield code="y">MONO</subfield>
    <subfield code="f"></subfield>
  </datafield>
</record>