

<record>
  <leader>00245nam a22000977a 4500</leader>
  <datafield tag="020" ind1=" " ind2=" ">
    <subfield code="a">N/A</subfield>
  </datafield>
  <datafield tag="092" ind1=" " ind2=" ">
    <subfield code="a">972.945</subfield>
  </datafield>
  <datafield tag="100" ind1=" " ind2=" ">
    <subfield code="a">Alain Turnier</subfield>
  </datafield>
  <datafield tag="245" ind1=" " ind2=" ">
    <subfield code="a">Avec Merisier Jeannis, Une tranche de vie jacmelienne et nationale</subfield>
    <subfield code="c">Le Natal S.A</subfield>
  </datafield>
  <datafield tag="942" ind1=" " ind2=" ">
    <subfield code="c">MONO</subfield>
  </datafield>
  <datafield tag="999" ind1=" " ind2=" ">
    <subfield code="c">5234</subfield>
    <subfield code="d">5234</subfield>
  </datafield>
  <datafield tag="952" ind1=" " ind2=" ">
    <subfield code="0">0</subfield>
    <subfield code="1">0</subfield>
    <subfield code="2">ddc</subfield>
    <subfield code="3">Fast Cataloged Item</subfield>
    <subfield code="4">0</subfield>
    <subfield code="6">972_945000000000000</subfield>
    <subfield code="7">0</subfield>
    <subfield code="9">6621</subfield>
    <subfield code="a">HELPR</subfield>
    <subfield code="b">HELPR</subfield>
    <subfield code="d">2023-07-19</subfield>
    <subfield code="l">0</subfield>
    <subfield code="o">972.945</subfield>
    <subfield code="p">0000010021675</subfield>
    <subfield code="r">2023-07-19</subfield>
    <subfield code="w">2023-07-19</subfield>
    <subfield code="y">MONO</subfield>
    <subfield code="f"></subfield>
  </datafield>
</record>