

<record>
  <leader>00183nam a22000977a 4500</leader>
  <datafield tag="020" ind1=" " ind2=" ">
    <subfield code="a">N/A</subfield>
  </datafield>
  <datafield tag="092" ind1=" " ind2=" ">
    <subfield code="a">725.0288</subfield>
  </datafield>
  <datafield tag="100" ind1=" " ind2=" ">
    <subfield code="a">WMF</subfield>
  </datafield>
  <datafield tag="245" ind1=" " ind2=" ">
    <subfield code="a">WATCH</subfield>
    <subfield code="c">World Monuments Fund</subfield>
  </datafield>
  <datafield tag="942" ind1=" " ind2=" ">
    <subfield code="c">MONO</subfield>
  </datafield>
  <datafield tag="999" ind1=" " ind2=" ">
    <subfield code="c">5423</subfield>
    <subfield code="d">5423</subfield>
  </datafield>
  <datafield tag="952" ind1=" " ind2=" ">
    <subfield code="0">0</subfield>
    <subfield code="1">0</subfield>
    <subfield code="2">ddc</subfield>
    <subfield code="3">Fast Cataloged Item</subfield>
    <subfield code="4">0</subfield>
    <subfield code="6">725_028800000000000</subfield>
    <subfield code="7">0</subfield>
    <subfield code="9">6834</subfield>
    <subfield code="a">HELPR</subfield>
    <subfield code="b">HELPR</subfield>
    <subfield code="d">2023-07-26</subfield>
    <subfield code="l">0</subfield>
    <subfield code="o">725.0288</subfield>
    <subfield code="p">0000010023808</subfield>
    <subfield code="r">2023-07-26</subfield>
    <subfield code="w">2023-07-26</subfield>
    <subfield code="y">MONO</subfield>
    <subfield code="f"></subfield>
  </datafield>
  <datafield tag="952" ind1=" " ind2=" ">
    <subfield code="0">0</subfield>
    <subfield code="1">0</subfield>
    <subfield code="2">ddc</subfield>
    <subfield code="3">Fast Cataloged Item</subfield>
    <subfield code="4">0</subfield>
    <subfield code="6">725_028800000000000</subfield>
    <subfield code="7">0</subfield>
    <subfield code="9">6835</subfield>
    <subfield code="a">HELPR</subfield>
    <subfield code="b">HELPR</subfield>
    <subfield code="d">2023-07-26</subfield>
    <subfield code="l">0</subfield>
    <subfield code="o">725.0288</subfield>
    <subfield code="p">0000010023815</subfield>
    <subfield code="r">2023-07-26</subfield>
    <subfield code="w">2023-07-26</subfield>
    <subfield code="y">MONO</subfield>
    <subfield code="f"></subfield>
  </datafield>
  <datafield tag="952" ind1=" " ind2=" ">
    <subfield code="0">0</subfield>
    <subfield code="1">0</subfield>
    <subfield code="2">ddc</subfield>
    <subfield code="3">Fast Cataloged Item</subfield>
    <subfield code="4">0</subfield>
    <subfield code="6">725_028800000000000</subfield>
    <subfield code="7">0</subfield>
    <subfield code="9">6836</subfield>
    <subfield code="a">HELPR</subfield>
    <subfield code="b">HELPR</subfield>
    <subfield code="d">2023-07-26</subfield>
    <subfield code="l">0</subfield>
    <subfield code="o">725.0288</subfield>
    <subfield code="p">0000010023822</subfield>
    <subfield code="r">2023-07-26</subfield>
    <subfield code="w">2023-07-26</subfield>
    <subfield code="y">MONO</subfield>
    <subfield code="f"></subfield>
  </datafield>
  <datafield tag="952" ind1=" " ind2=" ">
    <subfield code="0">0</subfield>
    <subfield code="1">0</subfield>
    <subfield code="2">ddc</subfield>
    <subfield code="3">Fast Cataloged Item</subfield>
    <subfield code="4">0</subfield>
    <subfield code="6">725_028800000000000</subfield>
    <subfield code="7">0</subfield>
    <subfield code="9">6837</subfield>
    <subfield code="a">HELPR</subfield>
    <subfield code="b">HELPR</subfield>
    <subfield code="d">2023-07-26</subfield>
    <subfield code="l">0</subfield>
    <subfield code="o">725.0288</subfield>
    <subfield code="p">0000010023839</subfield>
    <subfield code="r">2023-07-26</subfield>
    <subfield code="w">2023-07-26</subfield>
    <subfield code="y">MONO</subfield>
    <subfield code="f"></subfield>
  </datafield>
  <datafield tag="952" ind1=" " ind2=" ">
    <subfield code="0">0</subfield>
    <subfield code="1">0</subfield>
    <subfield code="2">ddc</subfield>
    <subfield code="3">Fast Cataloged Item</subfield>
    <subfield code="4">0</subfield>
    <subfield code="6">725_028800000000000</subfield>
    <subfield code="7">0</subfield>
    <subfield code="9">6838</subfield>
    <subfield code="a">HELPR</subfield>
    <subfield code="b">HELPR</subfield>
    <subfield code="d">2023-07-26</subfield>
    <subfield code="l">0</subfield>
    <subfield code="o">725.0288</subfield>
    <subfield code="p">0000010023846</subfield>
    <subfield code="r">2023-07-26</subfield>
    <subfield code="w">2023-07-26</subfield>
    <subfield code="y">MONO</subfield>
    <subfield code="f"></subfield>
  </datafield>
  <datafield tag="952" ind1=" " ind2=" ">
    <subfield code="0">0</subfield>
    <subfield code="1">0</subfield>
    <subfield code="2">ddc</subfield>
    <subfield code="3">Fast Cataloged Item</subfield>
    <subfield code="4">0</subfield>
    <subfield code="6">725_028800000000000</subfield>
    <subfield code="7">0</subfield>
    <subfield code="9">6839</subfield>
    <subfield code="a">HELPR</subfield>
    <subfield code="b">HELPR</subfield>
    <subfield code="d">2023-07-26</subfield>
    <subfield code="l">0</subfield>
    <subfield code="o">725.0288</subfield>
    <subfield code="p">0000010023853</subfield>
    <subfield code="r">2023-07-26</subfield>
    <subfield code="w">2023-07-26</subfield>
    <subfield code="y">MONO</subfield>
    <subfield code="f"></subfield>
  </datafield>
  <datafield tag="952" ind1=" " ind2=" ">
    <subfield code="0">0</subfield>
    <subfield code="1">0</subfield>
    <subfield code="2">ddc</subfield>
    <subfield code="3">Fast Cataloged Item</subfield>
    <subfield code="4">0</subfield>
    <subfield code="6">725_028800000000000</subfield>
    <subfield code="7">0</subfield>
    <subfield code="9">6840</subfield>
    <subfield code="a">HELPR</subfield>
    <subfield code="b">HELPR</subfield>
    <subfield code="d">2023-07-26</subfield>
    <subfield code="l">0</subfield>
    <subfield code="o">725.0288</subfield>
    <subfield code="p">0000010023860</subfield>
    <subfield code="r">2023-07-26</subfield>
    <subfield code="w">2023-07-26</subfield>
    <subfield code="y">MONO</subfield>
    <subfield code="f"></subfield>
  </datafield>
  <datafield tag="952" ind1=" " ind2=" ">
    <subfield code="0">0</subfield>
    <subfield code="1">0</subfield>
    <subfield code="2">ddc</subfield>
    <subfield code="3">Fast Cataloged Item</subfield>
    <subfield code="4">0</subfield>
    <subfield code="6">725_028800000000000</subfield>
    <subfield code="7">0</subfield>
    <subfield code="9">6841</subfield>
    <subfield code="a">HELPR</subfield>
    <subfield code="b">HELPR</subfield>
    <subfield code="d">2023-07-26</subfield>
    <subfield code="l">0</subfield>
    <subfield code="o">725.0288</subfield>
    <subfield code="p">0000010023877</subfield>
    <subfield code="r">2023-07-26</subfield>
    <subfield code="w">2023-07-26</subfield>
    <subfield code="y">MONO</subfield>
    <subfield code="f"></subfield>
  </datafield>
  <datafield tag="952" ind1=" " ind2=" ">
    <subfield code="0">0</subfield>
    <subfield code="1">0</subfield>
    <subfield code="2">ddc</subfield>
    <subfield code="3">Fast Cataloged Item</subfield>
    <subfield code="4">0</subfield>
    <subfield code="6">725_028800000000000</subfield>
    <subfield code="7">0</subfield>
    <subfield code="9">6842</subfield>
    <subfield code="a">HELPR</subfield>
    <subfield code="b">HELPR</subfield>
    <subfield code="d">2023-07-26</subfield>
    <subfield code="l">0</subfield>
    <subfield code="o">725.0288</subfield>
    <subfield code="p">0000010023884</subfield>
    <subfield code="r">2023-07-26</subfield>
    <subfield code="w">2023-07-26</subfield>
    <subfield code="y">MONO</subfield>
    <subfield code="f"></subfield>
  </datafield>
  <datafield tag="952" ind1=" " ind2=" ">
    <subfield code="0">0</subfield>
    <subfield code="1">0</subfield>
    <subfield code="2">ddc</subfield>
    <subfield code="3">Fast Cataloged Item</subfield>
    <subfield code="4">0</subfield>
    <subfield code="6">725_028800000000000</subfield>
    <subfield code="7">0</subfield>
    <subfield code="9">6843</subfield>
    <subfield code="a">HELPR</subfield>
    <subfield code="b">HELPR</subfield>
    <subfield code="d">2023-07-26</subfield>
    <subfield code="l">0</subfield>
    <subfield code="o">725.0288</subfield>
    <subfield code="p">0000010023891</subfield>
    <subfield code="r">2023-07-26</subfield>
    <subfield code="w">2023-07-26</subfield>
    <subfield code="y">MONO</subfield>
    <subfield code="f"></subfield>
  </datafield>
  <datafield tag="952" ind1=" " ind2=" ">
    <subfield code="0">0</subfield>
    <subfield code="1">0</subfield>
    <subfield code="2">ddc</subfield>
    <subfield code="3">Fast Cataloged Item</subfield>
    <subfield code="4">0</subfield>
    <subfield code="6">725_028800000000000</subfield>
    <subfield code="7">0</subfield>
    <subfield code="9">6844</subfield>
    <subfield code="a">HELPR</subfield>
    <subfield code="b">HELPR</subfield>
    <subfield code="d">2023-07-26</subfield>
    <subfield code="l">0</subfield>
    <subfield code="o">725.0288</subfield>
    <subfield code="p">0000010023907</subfield>
    <subfield code="r">2023-07-26</subfield>
    <subfield code="w">2023-07-26</subfield>
    <subfield code="y">MONO</subfield>
    <subfield code="f"></subfield>
  </datafield>
  <datafield tag="952" ind1=" " ind2=" ">
    <subfield code="0">0</subfield>
    <subfield code="1">0</subfield>
    <subfield code="2">ddc</subfield>
    <subfield code="3">Fast Cataloged Item</subfield>
    <subfield code="4">0</subfield>
    <subfield code="6">725_028800000000000</subfield>
    <subfield code="7">0</subfield>
    <subfield code="9">6845</subfield>
    <subfield code="a">HELPR</subfield>
    <subfield code="b">HELPR</subfield>
    <subfield code="d">2023-07-26</subfield>
    <subfield code="l">0</subfield>
    <subfield code="o">725.0288</subfield>
    <subfield code="p">0000010023914</subfield>
    <subfield code="r">2023-07-26</subfield>
    <subfield code="w">2023-07-26</subfield>
    <subfield code="y">MONO</subfield>
    <subfield code="f"></subfield>
  </datafield>
  <datafield tag="952" ind1=" " ind2=" ">
    <subfield code="0">0</subfield>
    <subfield code="1">0</subfield>
    <subfield code="2">ddc</subfield>
    <subfield code="3">Fast Cataloged Item</subfield>
    <subfield code="4">0</subfield>
    <subfield code="6">725_028800000000000</subfield>
    <subfield code="7">0</subfield>
    <subfield code="9">6846</subfield>
    <subfield code="a">HELPR</subfield>
    <subfield code="b">HELPR</subfield>
    <subfield code="d">2023-07-26</subfield>
    <subfield code="l">0</subfield>
    <subfield code="o">725.0288</subfield>
    <subfield code="p">0000010023921</subfield>
    <subfield code="r">2023-07-26</subfield>
    <subfield code="w">2023-07-26</subfield>
    <subfield code="y">MONO</subfield>
    <subfield code="f"></subfield>
  </datafield>
  <datafield tag="952" ind1=" " ind2=" ">
    <subfield code="0">0</subfield>
    <subfield code="1">0</subfield>
    <subfield code="2">ddc</subfield>
    <subfield code="3">Fast Cataloged Item</subfield>
    <subfield code="4">0</subfield>
    <subfield code="6">725_028800000000000</subfield>
    <subfield code="7">0</subfield>
    <subfield code="9">6847</subfield>
    <subfield code="a">HELPR</subfield>
    <subfield code="b">HELPR</subfield>
    <subfield code="d">2023-07-26</subfield>
    <subfield code="l">0</subfield>
    <subfield code="o">725.0288</subfield>
    <subfield code="p">0000010023938</subfield>
    <subfield code="r">2023-07-26</subfield>
    <subfield code="w">2023-07-26</subfield>
    <subfield code="y">MONO</subfield>
    <subfield code="f"></subfield>
  </datafield>
  <datafield tag="952" ind1=" " ind2=" ">
    <subfield code="0">0</subfield>
    <subfield code="1">0</subfield>
    <subfield code="2">ddc</subfield>
    <subfield code="3">Fast Cataloged Item</subfield>
    <subfield code="4">0</subfield>
    <subfield code="6">725_028800000000000</subfield>
    <subfield code="7">0</subfield>
    <subfield code="9">6848</subfield>
    <subfield code="a">HELPR</subfield>
    <subfield code="b">HELPR</subfield>
    <subfield code="d">2023-07-26</subfield>
    <subfield code="l">0</subfield>
    <subfield code="o">725.0288</subfield>
    <subfield code="p">0000010023945</subfield>
    <subfield code="r">2023-07-26</subfield>
    <subfield code="w">2023-07-26</subfield>
    <subfield code="y">MONO</subfield>
    <subfield code="f"></subfield>
  </datafield>
  <datafield tag="952" ind1=" " ind2=" ">
    <subfield code="0">0</subfield>
    <subfield code="1">0</subfield>
    <subfield code="2">ddc</subfield>
    <subfield code="3">Fast Cataloged Item</subfield>
    <subfield code="4">0</subfield>
    <subfield code="6">725_028800000000000</subfield>
    <subfield code="7">0</subfield>
    <subfield code="9">6849</subfield>
    <subfield code="a">HELPR</subfield>
    <subfield code="b">HELPR</subfield>
    <subfield code="d">2023-07-26</subfield>
    <subfield code="l">0</subfield>
    <subfield code="o">725.0288</subfield>
    <subfield code="p">0000010023952</subfield>
    <subfield code="r">2023-07-26</subfield>
    <subfield code="w">2023-07-26</subfield>
    <subfield code="y">MONO</subfield>
    <subfield code="f"></subfield>
  </datafield>
  <datafield tag="952" ind1=" " ind2=" ">
    <subfield code="0">0</subfield>
    <subfield code="1">0</subfield>
    <subfield code="2">ddc</subfield>
    <subfield code="3">Fast Cataloged Item</subfield>
    <subfield code="4">0</subfield>
    <subfield code="6">725_028800000000000</subfield>
    <subfield code="7">0</subfield>
    <subfield code="9">6850</subfield>
    <subfield code="a">HELPR</subfield>
    <subfield code="b">HELPR</subfield>
    <subfield code="d">2023-07-26</subfield>
    <subfield code="l">0</subfield>
    <subfield code="o">725.0288</subfield>
    <subfield code="p">0000010023969</subfield>
    <subfield code="r">2023-07-26</subfield>
    <subfield code="w">2023-07-26</subfield>
    <subfield code="y">MONO</subfield>
    <subfield code="f"></subfield>
  </datafield>
  <datafield tag="952" ind1=" " ind2=" ">
    <subfield code="0">0</subfield>
    <subfield code="1">0</subfield>
    <subfield code="2">ddc</subfield>
    <subfield code="3">Fast Cataloged Item</subfield>
    <subfield code="4">0</subfield>
    <subfield code="6">725_028800000000000</subfield>
    <subfield code="7">0</subfield>
    <subfield code="9">6851</subfield>
    <subfield code="a">HELPR</subfield>
    <subfield code="b">HELPR</subfield>
    <subfield code="d">2023-07-26</subfield>
    <subfield code="l">0</subfield>
    <subfield code="o">725.0288</subfield>
    <subfield code="p">0000010023976</subfield>
    <subfield code="r">2023-07-26</subfield>
    <subfield code="w">2023-07-26</subfield>
    <subfield code="y">MONO</subfield>
    <subfield code="f"></subfield>
  </datafield>
  <datafield tag="952" ind1=" " ind2=" ">
    <subfield code="0">0</subfield>
    <subfield code="1">0</subfield>
    <subfield code="2">ddc</subfield>
    <subfield code="3">Fast Cataloged Item</subfield>
    <subfield code="4">0</subfield>
    <subfield code="6">725_028800000000000</subfield>
    <subfield code="7">0</subfield>
    <subfield code="9">6852</subfield>
    <subfield code="a">HELPR</subfield>
    <subfield code="b">HELPR</subfield>
    <subfield code="d">2023-07-26</subfield>
    <subfield code="l">0</subfield>
    <subfield code="o">725.0288</subfield>
    <subfield code="p">0000010023983</subfield>
    <subfield code="r">2023-07-26</subfield>
    <subfield code="w">2023-07-26</subfield>
    <subfield code="y">MONO</subfield>
    <subfield code="f"></subfield>
  </datafield>
  <datafield tag="952" ind1=" " ind2=" ">
    <subfield code="0">0</subfield>
    <subfield code="1">0</subfield>
    <subfield code="2">ddc</subfield>
    <subfield code="3">Fast Cataloged Item</subfield>
    <subfield code="4">0</subfield>
    <subfield code="6">725_028800000000000</subfield>
    <subfield code="7">0</subfield>
    <subfield code="9">6853</subfield>
    <subfield code="a">HELPR</subfield>
    <subfield code="b">HELPR</subfield>
    <subfield code="d">2023-07-26</subfield>
    <subfield code="l">0</subfield>
    <subfield code="o">725.0288</subfield>
    <subfield code="p">0000010023990</subfield>
    <subfield code="r">2023-07-26</subfield>
    <subfield code="w">2023-07-26</subfield>
    <subfield code="y">MONO</subfield>
    <subfield code="f"></subfield>
  </datafield>
  <datafield tag="952" ind1=" " ind2=" ">
    <subfield code="0">0</subfield>
    <subfield code="1">0</subfield>
    <subfield code="2">ddc</subfield>
    <subfield code="3">Fast Cataloged Item</subfield>
    <subfield code="4">0</subfield>
    <subfield code="6">725_028800000000000</subfield>
    <subfield code="7">0</subfield>
    <subfield code="9">6854</subfield>
    <subfield code="a">HELPR</subfield>
    <subfield code="b">HELPR</subfield>
    <subfield code="d">2023-07-26</subfield>
    <subfield code="l">0</subfield>
    <subfield code="o">725.0288</subfield>
    <subfield code="p">0000010024003</subfield>
    <subfield code="r">2023-07-26</subfield>
    <subfield code="w">2023-07-26</subfield>
    <subfield code="y">MONO</subfield>
    <subfield code="f"></subfield>
  </datafield>
  <datafield tag="952" ind1=" " ind2=" ">
    <subfield code="0">0</subfield>
    <subfield code="1">0</subfield>
    <subfield code="2">ddc</subfield>
    <subfield code="3">Fast Cataloged Item</subfield>
    <subfield code="4">0</subfield>
    <subfield code="6">725_028800000000000</subfield>
    <subfield code="7">0</subfield>
    <subfield code="9">6855</subfield>
    <subfield code="a">HELPR</subfield>
    <subfield code="b">HELPR</subfield>
    <subfield code="d">2023-07-26</subfield>
    <subfield code="l">0</subfield>
    <subfield code="o">725.0288</subfield>
    <subfield code="p">0000010024010</subfield>
    <subfield code="r">2023-07-26</subfield>
    <subfield code="w">2023-07-26</subfield>
    <subfield code="y">MONO</subfield>
    <subfield code="f"></subfield>
  </datafield>
</record>