

<record>
  <leader>00177nam a22000977a 4500</leader>
  <datafield tag="020" ind1=" " ind2=" ">
    <subfield code="a">N/A</subfield>
  </datafield>
  <datafield tag="092" ind1=" " ind2=" ">
    <subfield code="a">690</subfield>
  </datafield>
  <datafield tag="100" ind1=" " ind2=" ">
    <subfield code="a">NUCOR</subfield>
  </datafield>
  <datafield tag="245" ind1=" " ind2=" ">
    <subfield code="a">Steel, Roof &amp; Floor Deck</subfield>
  </datafield>
  <datafield tag="942" ind1=" " ind2=" ">
    <subfield code="c">MONO</subfield>
  </datafield>
  <datafield tag="999" ind1=" " ind2=" ">
    <subfield code="c">5500</subfield>
    <subfield code="d">5500</subfield>
  </datafield>
  <datafield tag="952" ind1=" " ind2=" ">
    <subfield code="0">0</subfield>
    <subfield code="1">0</subfield>
    <subfield code="2">ddc</subfield>
    <subfield code="3">Fast Cataloged Item</subfield>
    <subfield code="4">0</subfield>
    <subfield code="6">690_000000000000000</subfield>
    <subfield code="7">0</subfield>
    <subfield code="9">6934</subfield>
    <subfield code="a">HELPR</subfield>
    <subfield code="b">HELPR</subfield>
    <subfield code="d">2023-08-02</subfield>
    <subfield code="l">0</subfield>
    <subfield code="o">690</subfield>
    <subfield code="p">0000010024805</subfield>
    <subfield code="r">2023-08-02</subfield>
    <subfield code="w">2023-08-02</subfield>
    <subfield code="y">MONO</subfield>
    <subfield code="f"></subfield>
  </datafield>
</record>