

<record>
  <leader>00232nam a22000977a 4500</leader>
  <datafield tag="020" ind1=" " ind2=" ">
    <subfield code="a">978 2 7540 1092 4</subfield>
  </datafield>
  <datafield tag="092" ind1=" " ind2=" ">
    <subfield code="a">658.311</subfield>
  </datafield>
  <datafield tag="100" ind1=" " ind2=" ">
    <subfield code="a">Joyce Lain Kennedy &amp; Nicolas Barrier</subfield>
  </datafield>
  <datafield tag="245" ind1=" " ind2=" ">
    <subfield code="a">Trouver un job</subfield>
    <subfield code="c">First Editions</subfield>
  </datafield>
  <datafield tag="942" ind1=" " ind2=" ">
    <subfield code="c">MONO</subfield>
  </datafield>
  <datafield tag="999" ind1=" " ind2=" ">
    <subfield code="c">5537</subfield>
    <subfield code="d">5537</subfield>
  </datafield>
  <datafield tag="952" ind1=" " ind2=" ">
    <subfield code="0">0</subfield>
    <subfield code="1">0</subfield>
    <subfield code="2">ddc</subfield>
    <subfield code="3">Fast Cataloged Item</subfield>
    <subfield code="4">0</subfield>
    <subfield code="6">658_311000000000000</subfield>
    <subfield code="7">0</subfield>
    <subfield code="9">6972</subfield>
    <subfield code="a">HELPR</subfield>
    <subfield code="b">HELPR</subfield>
    <subfield code="d">2023-08-02</subfield>
    <subfield code="l">0</subfield>
    <subfield code="o">658.311</subfield>
    <subfield code="p">0000010025185</subfield>
    <subfield code="r">2023-08-02</subfield>
    <subfield code="w">2023-08-02</subfield>
    <subfield code="y">MONO</subfield>
    <subfield code="f"></subfield>
  </datafield>
</record>