

<record>
  <leader>00216nam a22000977a 4500</leader>
  <datafield tag="020" ind1=" " ind2=" ">
    <subfield code="a">N/A</subfield>
  </datafield>
  <datafield tag="092" ind1=" " ind2=" ">
    <subfield code="a">346.4930668</subfield>
  </datafield>
  <datafield tag="100" ind1=" " ind2=" ">
    <subfield code="a">Champagne Metellus</subfield>
  </datafield>
  <datafield tag="245" ind1=" " ind2=" ">
    <subfield code="a">Code de Sociétés Coopératives en Haïti</subfield>
  </datafield>
  <datafield tag="942" ind1=" " ind2=" ">
    <subfield code="c">MONO</subfield>
  </datafield>
  <datafield tag="999" ind1=" " ind2=" ">
    <subfield code="c">5688</subfield>
    <subfield code="d">5688</subfield>
  </datafield>
  <datafield tag="952" ind1=" " ind2=" ">
    <subfield code="0">0</subfield>
    <subfield code="1">0</subfield>
    <subfield code="2">ddc</subfield>
    <subfield code="3">Fast Cataloged Item</subfield>
    <subfield code="4">0</subfield>
    <subfield code="6">346_493066800000000</subfield>
    <subfield code="7">0</subfield>
    <subfield code="9">7142</subfield>
    <subfield code="a">HELPR</subfield>
    <subfield code="b">HELPR</subfield>
    <subfield code="d">2023-08-09</subfield>
    <subfield code="l">0</subfield>
    <subfield code="o">346.4930668</subfield>
    <subfield code="p">0000010026878</subfield>
    <subfield code="r">2023-08-09</subfield>
    <subfield code="w">2023-08-09</subfield>
    <subfield code="y">MONO</subfield>
    <subfield code="f"></subfield>
  </datafield>
</record>